2694 4658
577 269 846 354 ,8-4

183 497 213 575 ξ.
237 494 269 559 4.
306 493 355 559 Ds
378 493 513 557 zebedia
536 493 853 560 vindobonenaibue
875 512 964 559 ease.
987 492 1042 557 ΧΙΙ
1068 497 1102 558 et
1124 493 1167 558 de

396 613 584 719 ¹codicibus
607 614 933 681 Vindobonsnaibua

0 737 103 830 ἓξὲξζὲ.
237 753 265 817 1.
303 748 438 816 Sebedae
471 751 797 818 vindobonenses
830 751 1002 818 Heroidum
1035 752 1213 835 fragmenta

12 850 90 944 'iii‘
135 853 317 919 exhibentes
339 873 401 919 non
423 855 573 920 ultimum
595 855 699 920 locum
721 855 867 922 obtinent
889 855 971 920 inter
993 855 1140 938 pleraque
1157 856 1215 920 illa

136 957 277 1022 eodioum
299 957 501 1039 antiquorum
518 959 706 1042 fragmenta,
732 976 810 1041 quae
826 957 989 1042 indagavit
1004 959 1053 1023 vir
1067 957 1213 1036 aoerrimi

135 1061 252 1144 ingenii
275 1060 369 1144 atque
392 1059 564 1126 indefessae
586 1060 760 1126 industriae
781 1060 802 1127 J
809 1061 976 1145 osepbus
998 1061 1212 1146 Hauptius,

135 1164 280 1230 eodioum
309 1183 383 1230 mss.
407 1163 616 1230 bibliothecae
644 1165 805 1248 palatinae
827 1164 1077 1232 Vindobonensis
1108 1165 1213 1231 eustos

136 1266 345 1333 doctissimus.
369 1287 405 1333 ex
427 1267 540 1350 quibus
555 1266 657 1333 adhue
671 1285 771 1351 panea
785 1267 1007 1334 innotuerunt:
1031 1268 1119 1334 velut
1135 1286 1215 1351 quae

135 1390 234 1453 nuper
256 1369 354 1436 edidit
375 1369 491 1436 veteris
514 1370 878 1455 ante-hieronymianae
902 1371 1051 1436 versionis
1075 1371 1151 1436 libri
1167 1372 1213 1436 ΙΙ.

135 1493 244 1558 regum
267 1475 445 1557 fragmenta
470 1473 520 1555 (X.
547 1473 641 1538 18-
656 1472 713 1539 XI.
739 1475 797 1552 173
820 1475 907 1539 XIV.
932 1476 1083 1557 17-30).
1114 1474 1215 1540 maior

135 1595 207 1660 pars
223 1596 329 1644 eorum
344 1579 378 1643 in
393 1576 599 1644 bibliothecae
614 1575 769 1658 palatinae
785 1578 909 1645 seriniis
924 1579 1106 1644 abscondita
1120 1579 1213 1643 latet.

136 1682 169 1747 in
191 1699 322 1766 quorum
344 1701 472 1747 numero
495 1681 621 1746 fuerunt
643 1700 741 1767 usque
763 1681 1216 1749 adannum1876baesohe-

137 1784 212 1864 dae,
246 1804 307 1868 quo
340 1802 421 1850 anno
454 1785 576 1868 primns
606 1786 779 1851 aoouratius
802 1785 836 1850 in
859 1803 910 1850 aas
933 1785 1091 1867 inquirere
1115 1786 1217 1868 eoepit

137 1889 289 1973 magister
318 1888 541 1955 dilectissimus
570 1889 762 1965 llmanuel
795 1889 1024 1967 Hoffmann,
1057 1888 1111 1970 qui
1144 1906 1217 1953 oum

138 1991 233 2060 variis
255 1992 391 2077 negotiis
408 1994 577 2077 occupatus
592 2010 664 2058 mox
678 1993 838 2075 proposito
853 2010 909 2056 suo
926 1991 1076 2056 desistere
1091 1993 1216 2058 eoactus

137 2096 236 2175 esset,
259 2097 338 2162 mihi
360 2097 519 2182 permisit,
554 2099 590 2162 ut
623 2096 837 2181 quaestionem
871 2099 908 2162 de
931 2095 970 2160 iis
992 2097 1217 2180 pertraotarem

137 2199 244 2282 itaque
277 2202 383 2267 auctor
415 2201 495 2267 mibi
524 2199 630 2266 extitit
659 2199 845 2284 quaestionis
869 2200 962 2265 buius
981 2198 1019 2263 de
1042 2198 1217 2266 Heroidum

138 2303 241 2369 textus
264 2303 395 2369 historia
417 2303 636 2370 instituendae.

240 2425 367 2490 Invenit
390 2424 445 2489 has
469 2424 599 2513 schedas
612 2424 772 2507 Hauptius
788 2423 822 2489 in
837 2424 998 2489 involuoro
1020 2424 1095 2489 libri
1110 2424 1217 2489 ouius·

138 2527 226 2612 dam,
261 2527 314 2612 qui
343 2545 414 2594 eum
437 2527 547 2592 multis
570 2515 641 2592 aliis
664 2547 680 2592 e
703 2526 892 2592 bibliotheca
915 2528 1097 2593 monasterii
1120 2527 1155 2591 P.
1179 2529 1217 2594 Ρ.

138 2631 412 2697 Benedietinorum
435 2631 672 2697 Lunaelaoensis
694 2649 713 2696 a
733 2629 870 2714 Josepbo
892 2630 934 2694 ΙΙ.
958 2629 1079 2695 sublati
1095 2630 1217 2695 Vindo-

94 2777 96 2779 »
139 2734 253 2801 bonam
276 2734 448 2801 translatus
471 2739 547 2800 erat.
572 2751 761 2816 quamquam
784 2735 852 2799 oete
874 2735 1002 2799 tantum
1018 2735 1124 2798 extem
1140 2733 1218 2799 felia

138 2840 206 2904 tota
228 2839 261 2904 et
283 2837 347 2903 tria
369 2828 551 2919 dimidiata,
575 2837 679 2903 omnia
702 2854 774 2903 vero
796 2836 919 2921 glutine
941 2837 1035 2916 illita,
1059 2837 1158 2903 reeisa
1181 2837 1215 2901 in

138 2941 351 3027 marginibus,
387 2943 475 3007 rimis
504 2941 657 3024 perforata
683 2941 872 3021 innumeris,
908 2946 1013 3006 tamen
1036 2942 1095 3006 hae
1117 2959 1218 3005 mem-

139 3047 253 3110 branae
275 3045 314 3110 ob
336 3045 437 3128 ipsam
460 3044 651 3110 vetustatem
674 3044 787 3126 dignae
809 3045 897 3122 sunt,
931 3063 1010 3126 quae
1040 3045 1217 3110 aoouratius

138 3149 322 3215 tractentur.
347 3167 382 3214 ex
398 3148 571 3232 Hauptii
592 3147 676 3214 enim
692 3150 723 3212 et
739 3146 871 3213 Caroli
886 3147 1125 3226 Sobenkelii‚
1149 3167 1218 3213 ma·

139 3252 231 3335 gistri
253 3251 377 3335 optimi,
403 3253 561 3319 sententia
583 3269 660 3317 eaeo.
682 3251 746 3315 XII
769 3250 953 3316 tribuendae
976 3253 1057 3317 sunt.

242 3373 359 3439 Extant
381 3376 489 3439 autem
512 3371 561 3436 his
584 3371 703 3437 sohedis
726 3370 898 3436 Heroidum
920 3375 1025 3455 partes
1047 3374 1121 3439 hae:

242 3495 297 3560 fol.
323 3497 354 3560 lr
376 3493 433 3560 ool.
459 3495 494 3558 l:
516 3493 554 3558 X.
580 3493 706 3558 14-52

375 3599 433 3664 001.
458 3599 494 3663 2:
580 3597 710 3662 56-93

243 3703 494 3769 fol.1reol.1:
581 3699 730 3765 97-134

376 3804 433 3872 ool.
457 3804 492 3870 2:
583 3804 771 3869 137-111.
795 3804 836 3869 25

244 3909 296 3975 fol.
319 3909 352 3975 2ῐ
374 3909 431 3975 001.
460 3911 492 3974 l:
515 3906 572 3975 XI.
595 3906 732 3973 26-66.

376 4012 432 4077 001.
456 4010 493 4076 2:

244 4115 493 4184 fflffmh

376 4220 434 4285 001.
457 4217 493 4284 2:
515 4216 588 4284 XII.
611 4219 740 4286 20-59

244 4324 298 4390 fol.
321 4323 354 4388 3¹
376 4322 434 4388 001.
461 4323 496 4388 l:
611 4322 761 4389 oo-100

553 4063 707 4129 abscissae
733 4064 794 4146 (vv.
812 4063 851 4128 67
861 4063 962 4129 --106
986 4065 1094 4130 extant
1110 4062 1215 4146 initia)
