2694 4658
508 334 721 399 μη,

559 629 590 707 s.
618 626 667 691 15.

176 766 316 849 Alterius
328 766 441 831 harum
455 762 731 848 interpolationum
746 765 868 848 generis
883 763 970 848 erige
984 764 1154 846 repetenda

71 870 122 936 est
149 888 185 935 ex
217 854 430 954 mythologice
463 867 740 951 grammaticorum
774 866 930 948 doctrina,
966 868 1019 950 qni
1052 868 1152 937 sicubi

68 971 210 1056 mythice
232 972 382 1054 quaedam
403 989 535 1054 persona
557 971 607 1036 vel
622 970 729 1036 fabula
745 972 896 1054 quaedam
912 973 1036 1055 aposta
1052 971 1151 1036 obiter

70 1079 157 1143 tacta
179 1076 252 1156 erat
276 1093 355 1158 quae
378 1074 415 1140 de
436 1075 477 1139 iis
498 1073 645 1152 sciebant
668 1075 707 1139 de
729 1091 785 1138 suo
808 1073 1003 1140 addiderunt.

173 1320 202 1367 v.
227 1301 287 1366 131
312 1319 358 1382 sq.
381 1301 457 1366 haec
478 1194 807 1384 loguiinrli’haeuraa
830 1298 938 1365 verba:

245 1405 316 1469 Isiu
337 1408 422 1469 coins
441 1403 545 1484 pictos
567 1422 641 1468 ceco
663 1402 821 1468 moriinro
842 1403 952 1484 fninro

295 1507 428 1573 Rustica
451 1507 591 1573 Saturno
613 1526 712 1589 cepnc
733 1511 851 1571 tenente
872 1506 946 1587 fnit.

67 1629 209 1711 sequitur
231 1631 264 1695 in
286 1629 437 1714 tedoy„
450 1649 474 1692 a
499 1629 543 1710 (in
559 1646 594 1713 g⁹
610 1627 643 1692 in
660 1647 759 1712 marg.
775 1648 817 1693 m.
833 1628 868 1713 2)
885 1647 956 1694 cum
971 1629 1145 1695 innumeris

66 1732 240 1816 scripturae
261 1731 477 1817 discrepantiis
500 1731 656 1797 distichon
678 1732 751 1796 hoe:

172 1851 333 1920 Saturnus
350 1853 458 1936 periit,
477 1851 642 1935 perierant
664 1857 692 1917 ei
714 1871 774 1917 sco
797 1853 890 1917 inca:

213 1955 280 2025 Sci
302 1958 374 2022 Ioce
395 1976 481 2021 nnnc
502 1956 656 2020 mnndns:
678 1956 767 2021 insse
789 1956 875 2021 Iocis
895 1976 1027 2038 sequere.

170 2202 199 2249 v.
226 2183 266 2250 79
289 2201 334 2266 sq.
370 2182 481 2249 Medea
501 2077 742 2249 JaEslineIrinssorat
763 2182 857 2264 atque
880 2181 1021 2247 obsecrat
1044 2183 1147 2248 hisee:

170 2306 234 2372 Per
256 2306 396 2388 triplices
417 2306 521 2371 cnitns
543 2326 725 2387 arcanoqne
746 2325 840 2372 soora
862 2303 995 2370 Dionae

219 2410 265 2476 Ec
287 2411 316 2475 si
336 2412 415 2494 forie
437 2411 562 2492 ctiqnos
582 2429 659 2492 pens
680 2408 771 2476 iudei
793 2410 856 2474 isio
877 2410 955 2474 deos.

64 2534 212 2601 secuntur
234 2532 266 2598 in
289 2551 321 2620 gl
346 2551 452 2598 versus
474 2532 538 2596 hi:·

211 2634 319 2703 Terret
342 2636 456 2701 insiroi
477 2635 546 2719 apii
569 2634 766 2716 Proserpina
789 2634 886 2699 Dnno
907 2633 1022 2700 Diona

209 2740 285 2805 Ima
306 2759 447 2821 superno
467 2729 554 2820 feras
574 2744 691 2818 sceptro
710 2738 833 2822 fnipore
855 2738 988 2821 sapidis.

280 2926 284 2931 .
529 2863 585 2946 Ep.
608 2861 676 2927 XV.

168 2983 196 3028 v.
216 2965 277 3032 159
293 2984 360 3049 sqq.
382 2965 474 3031 Paris
498 2967 595 3049 optat,
618 2967 656 3030 nt
677 2964 777 3049 pessit
793 2965 947 3030 Helenam
970 2965 1141 3032 certamine

62 3067 149 3134 felici
171 3067 301 3153 adipisci
323 3069 369 3135 ita

155 3187 194 3255 Ui
216 3190 290 3255 indii
313 3190 526 3272 Hippomenes
551 3191 741 3256 Schoeneida
759 3192 909 3272 proemio
930 3210 1051 3270 cnrsns,

199 3293 289 3359 Venit
310 3299 345 3358 ni
367 3294 405 3359 in
428 3293 585 3378 Pirppios
607 3294 830 3376 Hippodamia
851 3296 951 3361 sinns.

63 3414 146 3480 inter
168 3432 244 3496 quos
266 3434 372 3482 versus
395 3416 429 3480 in
451 3434 482 3500 gl
497 3435 531 3501 up
544 3435 577 3500 v⁴
591 3434 625 3501 u⁵
639 3435 674 3500 ἕρ
686 3434 722 3500 g4
735 3436 798 3501 qo
810 3421 832 3501 β
855 3418 1046 3501 interpolata
1068 3419 1140 3483 sunt

64 3516 154 3582 haec:
619 3538 622 3544 ’

218 3622 304 3705 Qnoe
321 3640 458 3703 propero
479 3641 573 3687 cnrsc
594 3622 711 3687 ciceron
734 3626 807 3687 onie
826 3642 954 3703 procos:

164 3721 217 3788 Sic
239 3727 267 3787 ei
287 3728 323 3788 in
346 3722 506 3808 Pirppics
527 3725 630 3790 cenies
651 3725 764 3809 rapina
780 3746 841 3807 per
862 3725 960 3790 nobee.

69 3848 197 3910 ceterum
220 3846 525 3911 commemorandum
554 3849 586 3911 iu
621 3847 741 3930 aliquot
775 3847 933 3913 codicibus
970 3849 1139 3936 (epldov3

68 3962 129 4035 qs,
149 3949 179 4013 1.
195 3947 227 4013 2.
243 3950 273 4015 3.
288 3949 324 4033 4)
347 3949 471 4015 omissis
493 3970 521 4016 r.
548 3951 610 4016 160
631 3950 764 4034 genuino
787 3953 819 4016 et
842 3951 1018 4018 hexametro
1041 3951 1139 4019 inter-

66 4049 164 4126 aaran
185 4050 262 4117 haec
285 4054 403 4119 extare:

152 4152 193 4220 Ut
212 4154 287 4219 iniit
309 4155 523 4251 Hippomenes
546 4157 737 4226 Schoeneida
754 4161 904 4240 proemio
926 4176 1045 4256 corsos,

190 4259 276 4341 ane
295 4279 429 4341 propero
449 4282 545 4327 enrsn
567 4264 684 4327 cinerat
705 4267 780 4327 onte
797 4282 928 4344 procos:

151 4359 192 4426 Ut
214 4360 303 4443 feros
324 4363 453 4432 Alcides
475 4367 533 4433 etc.
