2694 4658
510 309 721 373 ...89-

78 499 160 565 mira
180 498 237 565 illa
258 517 331 565 voce
354 497 521 579 exstirpata
543 496 684 580 scripsit:
718 514 788 561 oum
809 514 916 575 uere,
950 513 1020 559 oum
1041 498 1153 573 terres,

75 621 159 668 rum
176 601 325 683 peuuc's
347 620 424 664 aero
446 602 584 682 temptet;
606 601 745 664 attamen
760 597 909 681 religione
923 597 1056 680 quadam
1072 615 1155 663 com·

76 707 182 771 motus
205 708 429 786 consumpserit
449 721 545 785 supra
566 702 683 767 lineam
700 701 872 785 adscripsit.
890 736 932 750 -
949 700 1021 766 VII.
1038 702 1155 767 991111
1287 760 1289 765 .

77 808 256 876 sufficiebat
288 806 396 874 critico
430 807 535 872 nostro
568 805 706 871 Elissam
738 806 772 869 in
810 805 885 870 aede
919 803 1048 888 Sychaei
1084 809 1155 869 uoto

77 917 218 995 quater
239 930 290 976 ore
311 910 423 987 citari,
452 910 505 975 sed
527 911 560 974 in
581 909 640 974 tali
662 908 812 974 miraculo
834 925 919 973 sacro
943 911 1075 990 quodam
1096 927 1156 973 uu·

75 1033 163 1083 mero
196 1034 271 1098 opus
306 1034 373 1081 esse
405 1016 493 1080 ratus
527 1014 625 1079 eiecta
657 1031 732 1079 voce
764 1015 834 1077 uoto
866 1011 990 1095 scripsit
1018 1017 1156 1094 quater

77 1123 190 1201 atque
210 1123 267 1184 ter
287 1136 339 1184 ore
362 1119 524 1185 11111.-
541 1135 571 1181 r.
590 1117 650 1183 121
675 1116 774 1181 forma
795 1115 891 1180 coiere
912 1134 973 1181 non
994 1115 1157 1181 intellecta

78 1225 281 1307 interpolator
303 1222 431 1288 intrusit
453 1221 643 1303 scripturam
664 1220 798 1301 cupiere.

179 1343 225 1408 1111
247 1342 295 1408 his
318 1344 480 1426 exemplis,
513 1359 646 1424 quorum
668 1359 834 1405 numerum
855 1338 942 1405 facili
964 1356 1055 1421 opera
1077 1356 1152 1421 qua·

78 1447 190 1530 druplo
213 1464 326 1530 augere
347 1449 522 1529 possumus,
548 1442 767 1544 Qllssflsse
781 1444 929 1535 putamus
944 1442 1027 1507 hunc
1040 1441 1156 1506 librum

79 1549 224 1634 inprimis
245 1548 278 1614 iu
301 1549 341 1616 iis
357 1548 462 1614 textus
478 1534 630 1630 partibus,
654 1545 708 1612 ubi
724 1546 828 1611 deficit
844 1531 893 1623 P‚'
905 1545 1028 1611 uouuisi
1043 1563 1157 1629 magna

78 1671 150 1719 cum
172 1652 315 1718 cautione
338 1652 534 1716 tractandum
557 1668 657 1733 neque
678 1648 829 1716 vetustati
852 1650 918 1715 eius
942 1647 1076 1713 nimium
1097 1646 1157 1713 tri-

78 1757 237 1824 buendum
259 1775 334 1821 esse.
374 1755 457 1821 certe
478 1754 643 1819 Palmerus
666 1754 694 1818 si
718 1753 801 1818 hunc
822 1751 960 1818 codicem
982 1753 1156 1826 accuratius

77 1861 238 1944 cognitum
261 1858 431 1937 habuisset,
455 1857 481 1923 1.
497 1857 541 1923 40
562 1875 624 1922 nou
640 1855 784 1939 deceptus
799 1856 879 1922 esset
894 1844 1047 1938 scriptura
1062 1855 1157 1920 dotou

78 1964 118 2030 ab
133 1963 258 2029 auctore
272 1962 449 2027 Electorum
464 1959 666 2025 Etonensium
690 1961 825 2027 enotata.
848 1960 934 2025 locus
956 1959 1010 2025 ille
1032 1979 1067 2024 ex
1089 1976 1157 2023 orn·

77 2067 170 2132 nium
192 2065 343 2131 librorum
365 2067 488 2147 praeter
510 2064 535 2127 u
558 2080 707 2128 consensu
730 2062 823 2147 vulgo
846 2061 893 2127 ita
915 2061 1032 2148 editur:

205 2185 339 2252 Rettulit
352 2190 381 2250 et
394 2187 480 2267 ferro
496 2183 693 2266 Rhesumque
707 2182 893 2265 Dolouoque
907 2201 1018 2262 caesos,

252 2289 348 2371 thue
363 2289 404 2353 sit
419 2288 468 2354 oo
483 2307 590 2353 uuuo
602 2287 749 2369 proditus
763 2286 818 2352 ille
833 2284 912 2350 dolo.

79 2430 137 2496 pro
159 2409 228 2476 dolo
251 2411 357 2476 autem
379 2410 404 2474 Ε
426 2410 511 2475 solus
532 2409 660 2494 praebet
679 2407 783 2473 dolou.
808 2428 878 2474 cum
901 2409 1058 2492 proximus
1081 2426 1157 2490 peu·

80 2514 214 2581 tameter
235 2513 313 2578 item
336 2512 459 2578 desinat
481 2513 514 2577 in
535 2529 643 2577 rocem
665 2511 743 2590 dolo,
767 2512 831 2576 iam
846 2511 997 2596 magister
1011 2511 1066 2576 ille
1081 2511 1158 2576 Eto-

78 2618 184 2684 nensis
217 2617 275 2682 hac
307 2615 491 2699 repetitione
525 2615 660 2680 offensus
688 2634 759 2679 oum
788 2614 857 2679 dolo
885 2617 917 2680 in
939 2633 968 2679 v.
989 2613 1034 2679 40
1056 2615 1159 2680 ortum

76 2722 204 2806 putaret
226 2739 262 2785 er
283 2721 471 2804 glossemate
493 2716 601 2784 Dolou
623 2719 660 2784 ad
684 2737 790 2805 vocem
819 2717 875 2784 tlte
902 2718 1072 2801 adscripto,
1107 2737 1159 2782 ur·

76 2824 234 2910 guendam
256 2824 399 2888 censebat
422 2821 536 2888 codicis
558 2822 584 2886 Ε
607 2821 803 2904 scripturam,
828 2822 941 2904 utqui
964 2840 1071 2888 revera
1095 2841 1159 2889 ser·

77 2929 186 2998 resset
206 2927 363 3012 glossema
384 2925 462 2991 illud
485 2925 587 2989 dolon.
614 2943 763 3007 quaereus
778 2925 885 2990 autem
900 2926 1089 3008 scripturam
1103 2945 1159 3010 ge·

76 3034 208 3100 uuinam
242 3031 426 3117 glossemate
458 3029 514 3094 illo
545 3027 706 3111 expulsam
734 3029 946 3111 reponendum
975 3029 1157 3107 arbitratus,

77 3137 161 3221 quod
183 3153 289 3201 suuuo
311 3138 394 3199 esset
417 3132 603 3217 oppositum,
628 3152 657 3199 v.
680 3133 724 3198 40
744 3133 791 3198 ita
814 3133 1035 3199 conformavit:

266 3253 364 3337 thue
378 3254 419 3318 so't
435 3253 484 3319 lu'o
498 3273 627 3317 souuo
641 3253 787 3333 proditus
801 3253 856 3318 orte
870 3253 977 3338 oo'po'l.

77 3395 172 3460 quam
188 3377 399 3443 coniecturam
422 3394 522 3457 nuper
544 3375 707 3440 Palmerus
731 3374 830 3440 edidit
846 3376 950 3441 minus
966 3376 1053 3441 felici
1067 3395 1162 3459 quam

77 3480 156 3546 alibi
189 3498 263 3545 usus
296 3479 420 3545 iudicio.
455 3479 639 3561 languidum
673 3479 773 3559 euim,
808 3500 846 3545 ne
869 3480 967 3544 dicam
993 3468 1161 3549 ridiculum

78 3587 128 3651 est
154 3584 187 3648 iu
213 3586 366 3649 nocturna
396 3583 452 3648 illa
474 3584 667 3666 expeditione
690 3584 867 3649 accuratius
890 3583 1091 3649 describenda
1116 3583 1162 3648 nil

78 3688 167 3753 aliud
194 3688 446 3764 commemorari,
482 3704 577 3768 quam
612 3705 708 3751 uuum
740 3686 921 3751 ehostibus
944 3687 1161 3766 dormientem,

79 3790 215 3855 alterum
246 3790 430 3876 vigilantem
464 3807 647 3874 oppressum
680 3808 757 3855 esse.
802 3792 923 3856 accedit
956 3811 1045 3870 vero,
1080 3793 1161 3874 qued

78 3893 272 3977 oppositione
295 3893 351 3958 illa
381 3895 554 3977 (111111-
570 3892 661 3979 cipit)
690 3893 873 3976 gravissime
903 3897 1077 3977 urguentur
1104 3914 1161 3977 res,

78 4014 157 4079 quae
180 3996 297 4062 nullius
320 3998 444 4063 omniuo
467 4000 541 4061 suut
562 3999 723 4063 momenti.
748 4002 856 4062 contra
878 3998 996 4080 optime
1019 3998 1162 4064 sehabet

77 4100 173 4164 lectio
196 4100 326 4183 vulgata
348 4100 403 4164 illc
424 4100 501 4164 doto.
527 4120 588 4183 qua
603 4105 730 4182 recepta
746 4101 943 4180 describitur,
967 4120 1028 4184 qua
1043 4102 1163 4165 ratione

77 4204 184 4268 hostes
198 4202 248 4268 illi
261 4206 397 4287 oppressi
413 4205 486 4269 sint.
511 4205 591 4269 alter
606 4205 673 4288 ipso
689 4223 796 4270 somno
811 4205 950 4270 interiit:
974 4203 1163 4270 facillimum

76 4306 163 4371 enim
185 4304 360 4374 interficere
383 4307 605 4387 dormientem
635 4309 714 4375 alter
736 4327 827 4391 vero,
857 4326 932 4374 cum
959 4308 1113 4392 ι1111111111
1131 4311 1171 4373 et
