2694 4658
582 293 795 359 „66..

675 534 682 548 .
707 481 761 546 Vl.

253 590 405 656 lemnias
421 587 604 671 Hypsipyle,
621 482 743 650 bbere
756 601 865 666 nenne,
884 585 1002 646 Aesone
1016 582 1106 656 noio,

220 747 222 750 .
305 694 395 758 Dieil
409 697 438 756 et
452 692 488 755 in
501 691 602 755 verbis
613 708 694 770 pars
708 691 804 768 anolo
818 686 932 750 nentis
945 687 1023 747 erat.

151 799 246 864 Extat
268 799 301 862 in
324 799 349 863 Ε
372 801 403 862 et
425 795 459 861 in
481 794 642 876 Excerptis
665 786 856 871 Punanien.

616 913 670 996 Ep.
695 911 766 975 VH.

255 1020 377 1103 Aoniae,
393 1017 595 1094 Dardanide,
611 1014 782 1080 norilrnae
796 1032 922 1078 earnen
934 1011 1078 1076 Elissae:

305 1126 392 1208 Quae
407 1123 497 1206 leuis,
509 1142 532 1185 a
546 1119 634 1184 nobis
648 1118 761 1182 altimo
776 1116 868 1180 uerba
885 1115 971 1198 leuis.

151 1230 244 1295 Extat
265 1230 299 1294 iu
321 1229 421 1312 Eleu,
434 1249 484 1309 y„
508 1225 542 1288 in
564 1242 598 1308 v,
621 1223 735 1307 tamen,
749 1220 782 1284 in
804 1219 865 1284 fine
889 1219 1050 1299 epistulae.

608 1344 664 1426 up.
688 1343 776 1407 viu.
841 1326 867 1432 a

252 1451 408 1533 Alloquor
422 1449 593 1513 Hermione
610 1466 712 1528 nuper
725 1431 925 1535 frairrbnrqne
940 1443 1121 1522 oirnneqne:

305 1555 401 1619 Nnne
414 1554 567 1636 fratrem:
582 1571 694 1614 nornen
709 1548 851 1630 coninois
866 1547 948 1616 aller
962 1545 1060 1609 babet.

150 1660 245 1726 Extat
266 1659 301 1723 in
323 1682 355 1744 γι
371 1680 398 1722 a
410 1660 432 1740 β
445 1680 484 1742 ει.

622 1774 679 1858 Ep.
702 1774 756 1838 IX.

254 1882 369 1947 Mittor
384 1881 427 1944 ad
440 1878 575 1946 Alciden
590 1899 611 1942 a
626 1877 755 1960 aoninye
770 1875 895 1941 conscio
909 1872 1023 1937 inentis

304 1984 436 2069 littera,
452 1983 481 2048 si
496 1983 636 2048 ooninnn
650 1980 814 2046 Deianira
831 1982 887 2043 lna
903 1981 955 2042 est.

150 2090 245 2155 Extat
267 2090 301 2154 in
323 2088 481 2172 Exaemtis
502 2087 636 2152 Puteani
659 2085 691 2149 et
712 2085 745 2149 in
768 2082 835 2149 edd.
859 2105 883 2146 a
896 2106 936 2168 ει.

627 2206 682 2288 Ep.
705 2205 744 2270 X.

251 2313 322 2378 Illa
335 2313 447 2378 relicta
461 2311 539 2392 feris
554 2311 649 2375 etiarn
665 2329 759 2386 nnno,
776 2305 912 2388 improbe
932 2303 1057 2386 Tloesen,

312 2415 437 2488 Viritei
452 2415 525 2481 loeo
540 2433 641 2495 aeona
655 2416 756 2477 rnenie
770 2410 877 2476 tulisse
891 2409 976 2474 uelis.

152 2523 246 2588 Extat
267 2522 302 2585 in
324 2543 348 2584 a
361 2544 401 2606 ει.

626 2639 681 2720 Ep.
705 2636 761 2702 XI.

250 2742 359 2808 Aeolis
374 2742 536 2823 Aeolidae,
552 2761 648 2823 quarn
662 2759 726 2804 non
742 2738 831 2802 babet
845 2737 928 2817 ipsa,
944 2735 1077 2800 salutern

303 2846 408 2910 Mittit
423 2851 451 2911 et
466 2850 593 2911 armata
607 2844 699 2910 verba
713 2846 824 2907 notata
839 2860 948 2907 mann.

149 2951 243 3015 Extat
265 2953 298 3015 in
320 2969 337 3014 e
349 2951 368 3014 b
381 2969 410 3036 v1
426 2969 459 3035 v³
473 2974 513 3036 εὐ
546 2949 580 3013 in
610 2968 640 3032 o,
662 2948 734 3031 post
757 2964 784 3010 v.
808 2947 839 3022 2,
863 2944 895 3008 in
918 2961 953 3026 g,
984 2942 1018 3004 in
1040 2939 1183 3022 margine
1205 2956 1221 3002 a

149 3072 189 3117 m.
213 3054 233 3118 2
259 3053 287 3136 (l
301 3058 400 3119 celera
415 3053 534 3133 serinia
548 3072 648 3115 rnann
668 3051 712 3132 b).

615 3174 670 3254 Ep.
694 3173 767 3236 XII.

251 3275 339 3341 Eanl
353 3275 445 3356 inops
458 3279 630 3355 contempta
645 3296 721 3339 nooo
738 3273 853 3338 Medea
868 3274 982 3337 marito

302 3376 412 3444 Dioil:
427 3399 472 3442 an
486 3398 508 3443 a
523 3379 629 3462 reynis
643 3382 780 3459 tempora
795 3378 889 3443 nulla
902 3376 1039 3442 ononi?

151 3482 247 3546 Extat
269 3482 303 3547 in
326 3506 365 3568 s,.

149 3715 270 3770 habenda
288 3718 343 3779 est,
367 3718 456 3770 tamen
480 3731 540 3770 oum
558 3717 673 3784 quatuor
690 3716 739 3770 illa
756 3715 875 3769 disticha
893 3716 949 3770 oud.
969 3716 1098 3769 Etonensi
1117 3714 1224 3770 tradan-

148 3804 193 3855 tur
215 3800 405 3856 sonantioribus
423 3801 500 3856 libris
517 3802 581 3856 solis
599 3802 820 3870 adsentientibus,
839 3803 868 3855 in
881 3803 933 3857 PG
951 3805 1042 3856 autem
1060 3817 1113 3855 non
1127 3803 1224 3866 extent,

149 3894 191 3944 vix
208 3906 264 3943 esse
282 3890 396 3953 videtur,
415 3905 461 3965 our
479 3890 528 3945 hoe
545 3892 631 3960 eapite
650 3905 703 3944 nou
721 3890 886 3944 adferantur.

254 3975 287 4044 ⁵⁶)
309 3975 360 4029 Per
382 3978 468 4029 totam
494 3975 563 4030 hanc
581 3976 613 4030 de
632 3977 752 4031 versibus
770 3977 895 4032 insitioiis
914 3976 1125 4046 disputationem
1143 3975 1224 4030 etiam

102 4106 105 4113 .
147 4062 249 4117 codices
266 4061 299 4115 ab
317 4062 428 4116 Heinsio
446 4065 473 4115 et
491 4062 644 4117 Burmanno
662 4066 790 4118 tractatos
809 4064 1009 4130 adhibebimus,
1035 4078 1102 4132 quos
1126 4062 1174 4117 ubi
1192 4061 1224 4116 de

148 4149 266 4218 singulis
284 4150 425 4220 seripturis
447 4152 580 4219 ageretur.
606 4150 664 4203 iure
686 4166 733 4204 nos
755 4151 876 4205 omisisse
896 4153 1030 4221 putamus.
1055 4166 1132 4204 nemo
1155 4149 1225 4204 onim

148 4235 264 4304 ignorat,
291 4252 370 4305 quam
389 4253 471 4306 parua
487 4236 554 4291 fides
572 4235 664 4290 haberi
684 4238 769 4306 possit
792 4237 954 4293 lectionibus
972 4254 988 4293 a
1006 4238 1071 4293 viris
1089 4237 1147 4292 illis
1164 4251 1226 4290 eno·

148 4322 222 4376 tutis.
