<?xml version="1.0" encoding="UTF-8"?>
<!DOCTYPE html PUBLIC "-//W3C//DTD XHTML 1.0 Transitional//EN"
    "http://www.w3.org/TR/xhtml1/DTD/xhtml1-transitional.dtd">
<html xmlns="http://www.w3.org/1999/xhtml" xml:lang="en" lang="en">
 <head>
  <title>
</title>
<meta http-equiv="Content-Type" content="text/html;charset=utf-8" />
  <meta name='ocr-system' content='tesseract 3.04.00' />
  <meta name='ocr-capabilities' content='ocr_page ocr_carea ocr_par ocr_line ocrx_word'/>
</head>
<body>
  <div class='ocr_page' id='page_1' title='image "./prolegomenacrit00sedlgoog_0035.png"; bbox 0 0 2694 4658; ppageno 0'>
   <div class='ocr_carea' id='block_1_1' title="bbox 501 289 780 407">
    <p class='ocr_par' dir='ltr' id='par_1_1' title="bbox 501 289 780 407">
     <span class='ocr_line' id='line_1_1' title="bbox 501 289 780 407; baseline -0.011 1"><span class='ocrx_word' id='word_1_1' title='bbox 501 289 780 407; x_wconf 49' lang='lat'>-199</span> 
     </span>
    </p>
   </div>
   <div class='ocr_carea' id='block_1_2' title="bbox 67 525 1150 1343">
    <p class='ocr_par' dir='ltr' id='par_1_2' title="bbox 67 525 1150 1343">
     <span class='ocr_line' id='line_1_2' title="bbox 68 525 1143 620; baseline -0.012 -20"><span class='ocrx_word' id='word_1_2' title='bbox 68 537 164 620; x_wconf 89' lang='lat' dir='ltr'>pleat.</span> <span class='ocrx_word' id='word_1_3' title='bbox 190 536 378 617; x_wconf 74' lang='lat' dir='ltr'>pentametri</span> <span class='ocrx_word' id='word_1_4' title='bbox 408 553 467 600; x_wconf 94' lang='lat' dir='ltr'>non</span> <span class='ocrx_word' id='word_1_5' title='bbox 491 532 634 599; x_wconf 88' lang='lat' dir='ltr'>subducti</span> <span class='ocrx_word' id='word_1_6' title='bbox 657 533 731 597; x_wconf 89' lang='lat' dir='ltr'>sunt</span> <span class='ocrx_word' id='word_1_7' title='bbox 753 549 850 614; x_wconf 88' lang='lat' dir='ltr'>neque</span> <span class='ocrx_word' id='word_1_8' title='bbox 873 525 1035 610; x_wconf 77' lang='lat' dir='ltr'>inscriptio</span> <span class='ocrx_word' id='word_1_9' title='bbox 1059 528 1143 590; x_wconf 84' lang='lat' dir='ltr'>extat</span> 
     </span>
     <span class='ocr_line' id='line_1_3' title="bbox 67 631 1148 721; baseline -0.01 -18"><span class='ocrx_word' id='word_1_10' title='bbox 67 658 87 703; x_wconf 91' lang='lat' dir='ltr'>a</span> <span class='ocrx_word' id='word_1_11' title='bbox 109 643 203 716; x_wconf 88' lang='lat' dir='ltr'>m.1;</span> <span class='ocrx_word' id='word_1_12' title='bbox 227 658 246 704; x_wconf 91' lang='lat' dir='ltr'>a</span> <span class='ocrx_word' id='word_1_13' title='bbox 268 659 326 704; x_wconf 88' lang='lat' dir='ltr'>ree.</span> <span class='ocrx_word' id='word_1_14' title='bbox 343 658 436 705; x_wconf 91' lang='lat' dir='ltr'>manu</span> <span class='ocrx_word' id='word_1_15' title='bbox 459 640 492 703; x_wconf 95' lang='lat' dir='ltr'>in</span> <span class='ocrx_word' id='word_1_16' title='bbox 514 639 575 702; x_wconf 88' lang='lat' dir='ltr'>fine</span> <span class='ocrx_word' id='word_1_17' title='bbox 596 636 716 721; x_wconf 81' lang='lat' dir='ltr'>primae</span> <span class='ocrx_word' id='word_1_18' title='bbox 738 636 871 721; x_wconf 81' lang='lat' dir='ltr'>paginae</span> <span class='ocrx_word' id='word_1_19' title='bbox 886 631 1068 698; x_wconf 86' lang='lat' dir='ltr'>adnotatum</span> <span class='ocrx_word' id='word_1_20' title='bbox 1084 633 1148 694; x_wconf 87' lang='lat' dir='ltr'>est:</span> 
     </span>
     <span class='ocr_line' id='line_1_4' title="bbox 70 734 1144 826; baseline -0.009 -19"><span class='ocrx_word' id='word_1_21' title='bbox 70 741 208 808; x_wconf 81' lang='lat' dir='ltr'>Ouidius</span> <span class='ocrx_word' id='word_1_22' title='bbox 229 744 431 824; x_wconf 73' lang='lat' dir='ltr'>epistolarum</span> <span class='ocrx_word' id='word_1_23' title='bbox 452 743 624 808; x_wconf 81' lang='lat' dir='ltr'>heroidum.</span> <span class='ocrx_word' id='word_1_24' title='bbox 650 760 840 826; x_wconf 88' lang='lat' dir='ltr'>quamquam</span> <span class='ocrx_word' id='word_1_25' title='bbox 853 736 935 801; x_wconf 85' lang='lat' dir='ltr'>liber·</span> <span class='ocrx_word' id='word_1_26' title='bbox 949 736 1013 800; x_wconf 88' lang='lat' dir='ltr'>iam</span> <span class='ocrx_word' id='word_1_27' title='bbox 1028 734 1144 798; x_wconf 88' lang='lat' dir='ltr'>multo·</span> 
     </span>
     <span class='ocr_line' id='line_1_5' title="bbox 68 840 1149 924; baseline -0.008 -14"><span class='ocrx_word' id='word_1_28' title='bbox 68 865 138 911; x_wconf 90' lang='lat' dir='ltr'>rum</span> <span class='ocrx_word' id='word_1_29' title='bbox 162 847 305 911; x_wconf 89' lang='lat' dir='ltr'>manibus</span> <span class='ocrx_word' id='word_1_30' title='bbox 330 847 425 912; x_wconf 89' lang='lat' dir='ltr'>tritus</span> <span class='ocrx_word' id='word_1_31' title='bbox 448 865 514 912; x_wconf 91' lang='lat' dir='ltr'>esse</span> <span class='ocrx_word' id='word_1_32' title='bbox 538 846 678 924; x_wconf 84' lang='lat' dir='ltr'>videtur,</span> <span class='ocrx_word' id='word_1_33' title='bbox 712 848 818 909; x_wconf 86' lang='lat' dir='ltr'>tamen</span> <span class='ocrx_word' id='word_1_34' title='bbox 840 846 914 908; x_wconf 89' lang='lat' dir='ltr'>adeo</span> <span class='ocrx_word' id='word_1_35' title='bbox 936 840 1058 923; x_wconf 85' lang='lat' dir='ltr'>integer</span> <span class='ocrx_word' id='word_1_36' title='bbox 1081 857 1149 903; x_wconf 90' lang='lat' dir='ltr'>ser·</span> 
     </span>
     <span class='ocr_line' id='line_1_6' title="bbox 68 942 1150 1033; baseline -0.007 -18"><span class='ocrx_word' id='word_1_37' title='bbox 68 949 158 1015; x_wconf 87' lang='lat' dir='ltr'>vatus</span> <span class='ocrx_word' id='word_1_38' title='bbox 182 954 239 1029; x_wconf 88' lang='lat' dir='ltr'>est,</span> <span class='ocrx_word' id='word_1_39' title='bbox 265 957 360 1015; x_wconf 89' lang='lat' dir='ltr'>utne</span> <span class='ocrx_word' id='word_1_40' title='bbox 386 970 466 1015; x_wconf 94' lang='lat' dir='ltr'>unus</span> <span class='ocrx_word' id='word_1_41' title='bbox 488 949 613 1033; x_wconf 86' lang='lat' dir='ltr'>quidem</span> <span class='ocrx_word' id='word_1_42' title='bbox 637 967 744 1014; x_wconf 84' lang='lat' dir='ltr'>versus</span> <span class='ocrx_word' id='word_1_43' title='bbox 767 966 786 1011; x_wconf 89' lang='lat' dir='ltr'>a</span> <span class='ocrx_word' id='word_1_44' title='bbox 807 946 942 1030; x_wconf 89' lang='lat' dir='ltr'>pristina</span> <span class='ocrx_word' id='word_1_45' title='bbox 964 942 1150 1027; x_wconf 88' lang='lat' dir='ltr'>integritate</span> 
     </span>
     <span class='ocr_line' id='line_1_7' title="bbox 67 1046 1149 1136; baseline -0.006 -21"><span class='ocrx_word' id='word_1_46' title='bbox 67 1051 271 1118; x_wconf 85' lang='lat' dir='ltr'>desideretur.</span> <span class='ocrx_word' id='word_1_47' title='bbox 294 1054 378 1119; x_wconf 85' lang='lat' dir='ltr'>inter</span> <span class='ocrx_word' id='word_1_48' title='bbox 400 1046 506 1118; x_wconf 87' lang='lat' dir='ltr'>v&#39;ersus</span> <span class='ocrx_word' id='word_1_49' title='bbox 530 1053 616 1118; x_wconf 90' lang='lat' dir='ltr'>etin</span> <span class='ocrx_word' id='word_1_50' title='bbox 638 1053 779 1136; x_wconf 83' lang='lat' dir='ltr'>margine</span> <span class='ocrx_word' id='word_1_51' title='bbox 794 1050 907 1134; x_wconf 87' lang='lat' dir='ltr'>ingens</span> <span class='ocrx_word' id='word_1_52' title='bbox 924 1047 972 1113; x_wconf 90' lang='lat' dir='ltr'>est</span> <span class='ocrx_word' id='word_1_53' title='bbox 987 1047 1149 1129; x_wconf 88' lang='lat' dir='ltr'>adpositus</span> 
     </span>
     <span class='ocr_line' id='line_1_8' title="bbox 68 1149 1148 1240; baseline -0.006 -20"><span class='ocrx_word' id='word_1_54' title='bbox 68 1156 256 1220; x_wconf 81' lang='lat' dir='ltr'>scholiorum</span> <span class='ocrx_word' id='word_1_55' title='bbox 278 1177 436 1223; x_wconf 86' lang='lat' dir='ltr'>numerus.</span> <span class='ocrx_word' id='word_1_56' title='bbox 459 1159 492 1222; x_wconf 92' lang='lat' dir='ltr'>in</span> <span class='ocrx_word' id='word_1_57' title='bbox 516 1157 660 1240; x_wconf 86' lang='lat' dir='ltr'>epistulis</span> <span class='ocrx_word' id='word_1_58' title='bbox 684 1155 839 1220; x_wconf 90' lang='lat' dir='ltr'>solemnes</span> <span class='ocrx_word' id='word_1_59' title='bbox 855 1154 992 1219; x_wconf 84' lang='lat' dir='ltr'>defectus</span> <span class='ocrx_word' id='word_1_60' title='bbox 1008 1149 1148 1215; x_wconf 88' lang='lat' dir='ltr'>notandi.</span> 
     </span>
     <span class='ocr_line' id='line_1_9' title="bbox 172 1255 1049 1343; baseline -0.009 -17"><span class='ocrx_word' id='word_1_61' title='bbox 172 1261 283 1327; x_wconf 87' lang='lat' dir='ltr'>Varias</span> <span class='ocrx_word' id='word_1_62' title='bbox 305 1261 476 1343; x_wconf 87' lang='lat' dir='ltr'>scripturas</span> <span class='ocrx_word' id='word_1_63' title='bbox 499 1281 537 1327; x_wconf 86' lang='lat' dir='ltr'>er</span> <span class='ocrx_word' id='word_1_64' title='bbox 559 1260 677 1326; x_wconf 88' lang='lat' dir='ltr'>Loersii</span> <span class='ocrx_word' id='word_1_65' title='bbox 702 1259 839 1325; x_wconf 88' lang='lat' dir='ltr'>editione</span> <span class='ocrx_word' id='word_1_66' title='bbox 862 1255 1049 1339; x_wconf 90' lang='lat' dir='ltr'>deprompsi.</span> 
     </span>
    </p>
   </div>
   <div class='ocr_carea' id='block_1_3' title="bbox 308 1451 905 1535">
    <p class='ocr_par' dir='ltr' id='par_1_3' title="bbox 308 1451 905 1535">
     <span class='ocr_line' id='line_1_10' title="bbox 308 1451 905 1535; baseline -0.018 -15"><span class='ocrx_word' id='word_1_67' title='bbox 308 1453 335 1535; x_wconf 63' lang='grc' dir='ltr'>ἓ.</span> <span class='ocrx_word' id='word_1_68' title='bbox 358 1453 391 1519; x_wconf 89' lang='grc'>9.</span> <span class='ocrx_word' id='word_1_69' title='bbox 418 1453 466 1517; x_wconf 87' lang='lat' dir='ltr'>De</span> <span class='ocrx_word' id='word_1_70' title='bbox 490 1454 609 1519; x_wconf 83' lang='lat' dir='ltr'>codice</span> <span class='ocrx_word' id='word_1_71' title='bbox 633 1451 905 1516; x_wconf 72' lang='lat' dir='ltr'>francofurtana.</span> 
     </span>
    </p>
   </div>
   <div class='ocr_carea' id='block_1_4' title="bbox 64 1581 1312 4062">
    <p class='ocr_par' dir='ltr' id='par_1_4' title="bbox 64 1581 1312 4062">
     <span class='ocr_line' id='line_1_11' title="bbox 172 1581 1312 1676; baseline -0.007 -22"><span class='ocrx_word' id='word_1_72' title='bbox 172 1587 271 1656; x_wconf 79' lang='lat' dir='ltr'>Codex</span> <span class='ocrx_word' id='word_1_73' title='bbox 301 1591 642 1658; x_wconf 79' lang='lat' dir='ltr'>Franocfurteuus</span> <span class='ocrx_word' id='word_1_74' title='bbox 672 1592 748 1656; x_wconf 88' lang='lat' dir='ltr'>bibl.</span> <span class='ocrx_word' id='word_1_75' title='bbox 771 1588 916 1674; x_wconf 88' lang='lat' dir='ltr'>publicae</span> <span class='ocrx_word' id='word_1_76' title='bbox 950 1581 1312 1676; x_wconf 47' lang='lat' dir='ltr'>membrana-campy-</span> 
     </span>
     <span class='ocr_line' id='line_1_12' title="bbox 65 1686 1248 1775; baseline -0.004 -19"><span class='ocrx_word' id='word_1_77' title='bbox 65 1711 140 1757; x_wconf 86' lang='lat' dir='ltr'>cous</span> <span class='ocrx_word' id='word_1_78' title='bbox 162 1695 210 1758; x_wconf 90' lang='lat' dir='ltr'>est</span> <span class='ocrx_word' id='word_1_79' title='bbox 232 1715 256 1760; x_wconf 93' lang='lat' dir='ltr'>s.</span> <span class='ocrx_word' id='word_1_80' title='bbox 279 1695 360 1761; x_wconf 88' lang='lat' dir='ltr'>XIII</span> <span class='ocrx_word' id='word_1_81' title='bbox 388 1697 505 1762; x_wconf 86' lang='lat' dir='ltr'>formae</span> <span class='ocrx_word' id='word_1_82' title='bbox 533 1696 686 1761; x_wconf 85' lang='lat' dir='ltr'>maximae</span> <span class='ocrx_word' id='word_1_83' title='bbox 715 1695 876 1760; x_wconf 89' lang='lat' dir='ltr'>continens</span> <span class='ocrx_word' id='word_1_84' title='bbox 899 1709 992 1775; x_wconf 86' lang='lat' dir='ltr'>opera</span> <span class='ocrx_word' id='word_1_85' title='bbox 1015 1692 1047 1754; x_wconf 92' lang='lat' dir='ltr'>et</span> <span class='ocrx_word' id='word_1_86' title='bbox 1069 1686 1147 1755; x_wconf 84' lang='lat' dir='ltr'>Ovi·</span> <span class='ocrx_word' id='word_1_87' title='bbox 1221 1687 1248 1740; x_wconf 64' lang='lat' dir='ltr'>(¹l</span> 
     </span>
     <span class='ocr_line' id='line_1_13' title="bbox 67 1792 1147 1881; baseline -0.003 -23"><span class='ocrx_word' id='word_1_88' title='bbox 67 1795 163 1861; x_wconf 86' lang='lat' dir='ltr'>diana</span> <span class='ocrx_word' id='word_1_89' title='bbox 186 1799 521 1866; x_wconf 88' lang='lat' dir='ltr'>etPseudo·Ovidiana</span> <span class='ocrx_word' id='word_1_90' title='bbox 544 1798 650 1865; x_wconf 90' lang='lat' dir='ltr'>omnia</span> <span class='ocrx_word' id='word_1_91' title='bbox 672 1800 793 1881; x_wconf 88' lang='lat' dir='ltr'>praeter</span> <span class='ocrx_word' id='word_1_92' title='bbox 816 1795 1024 1862; x_wconf 86' lang='lat' dir='ltr'>Medicamina</span> <span class='ocrx_word' id='word_1_93' title='bbox 1046 1792 1147 1868; x_wconf 85' lang='lat' dir='ltr'>faciei,</span> 
     </span>
     <span class='ocr_line' id='line_1_14' title="bbox 65 1896 1147 1986; baseline -0.004 -22"><span class='ocrx_word' id='word_1_94' title='bbox 65 1898 270 1967; x_wconf 89' lang='lat' dir='ltr'>Halieutioon</span> <span class='ocrx_word' id='word_1_95' title='bbox 288 1902 521 1986; x_wconf 71' lang='lat' dir='ltr'>fragmentum,</span> <span class='ocrx_word' id='word_1_96' title='bbox 551 1902 725 1986; x_wconf 84' lang='lat' dir='ltr'>epicedium</span> <span class='ocrx_word' id='word_1_97' title='bbox 749 1903 853 1968; x_wconf 89' lang='lat' dir='ltr'>Drusi.</span> <span class='ocrx_word' id='word_1_98' title='bbox 887 1900 982 1965; x_wconf 88' lang='lat' dir='ltr'>etiam</span> <span class='ocrx_word' id='word_1_99' title='bbox 1005 1896 1147 1981; x_wconf 85' lang='lat' dir='ltr'>Sapphus</span> 
     </span>
     <span class='ocr_line' id='line_1_15' title="bbox 69 2000 1146 2088; baseline -0.003 -21"><span class='ocrx_word' id='word_1_100' title='bbox 69 2005 206 2087; x_wconf 91' lang='lat' dir='ltr'>epistula</span> <span class='ocrx_word' id='word_1_101' title='bbox 239 2008 271 2071; x_wconf 91' lang='lat' dir='ltr'>in</span> <span class='ocrx_word' id='word_1_102' title='bbox 304 2025 338 2072; x_wconf 89' lang='lat' dir='ltr'>eo</span> <span class='ocrx_word' id='word_1_103' title='bbox 372 2007 531 2073; x_wconf 84' lang='lat' dir='ltr'>invenitur</span> <span class='ocrx_word' id='word_1_104' title='bbox 555 2011 622 2075; x_wconf 89' lang='lat' dir='ltr'>sine</span> <span class='ocrx_word' id='word_1_105' title='bbox 643 2007 710 2072; x_wconf 88' lang='lat' dir='ltr'>ulla</span> <span class='ocrx_word' id='word_1_106' title='bbox 732 2004 935 2088; x_wconf 86' lang='lat' dir='ltr'>inscriptione</span> <span class='ocrx_word' id='word_1_107' title='bbox 957 2000 1146 2069; x_wconf 87' lang='lat' dir='ltr'>Heroidibus</span> 
     </span>
     <span class='ocr_line' id='line_1_16' title="bbox 66 2104 1148 2195; baseline -0.005 -22"><span class='ocrx_word' id='word_1_108' title='bbox 66 2109 246 2190; x_wconf 87' lang='lat' dir='ltr'>praemissa.</span> <span class='ocrx_word' id='word_1_109' title='bbox 280 2110 377 2176; x_wconf 90' lang='lat' dir='ltr'>Nucis</span> <span class='ocrx_word' id='word_1_110' title='bbox 400 2111 501 2195; x_wconf 86' lang='lat' dir='ltr'>elegia</span> <span class='ocrx_word' id='word_1_111' title='bbox 524 2129 542 2175; x_wconf 90' lang='lat' dir='ltr'>a</span> <span class='ocrx_word' id='word_1_112' title='bbox 564 2129 659 2175; x_wconf 90' lang='lat' dir='ltr'>manu</span> <span class='ocrx_word' id='word_1_113' title='bbox 682 2111 745 2176; x_wconf 89' lang='lat' dir='ltr'>alia</span> <span class='ocrx_word' id='word_1_114' title='bbox 768 2130 791 2177; x_wconf 90' lang='lat' dir='ltr'>s.</span> <span class='ocrx_word' id='word_1_115' title='bbox 815 2107 892 2174; x_wconf 90' lang='lat' dir='ltr'>XIV</span> <span class='ocrx_word' id='word_1_116' title='bbox 905 2105 1018 2172; x_wconf 90' lang='lat' dir='ltr'>-XV</span> <span class='ocrx_word' id='word_1_117' title='bbox 1041 2104 1148 2171; x_wconf 86' lang='lat' dir='ltr'>addita</span> 
     </span>
     <span class='ocr_line' id='line_1_17' title="bbox 66 2213 1148 2298; baseline -0.003 -21"><span class='ocrx_word' id='word_1_118' title='bbox 66 2217 124 2278; x_wconf 92' lang='lat' dir='ltr'>est.</span> <span class='ocrx_word' id='word_1_119' title='bbox 149 2215 416 2281; x_wconf 87' lang='lat' dir='ltr'>accuratissimam</span> <span class='ocrx_word' id='word_1_120' title='bbox 439 2215 679 2297; x_wconf 88' lang='lat' dir='ltr'>descriptionem</span> <span class='ocrx_word' id='word_1_121' title='bbox 694 2215 761 2280; x_wconf 92' lang='lat' dir='ltr'>eius</span> <span class='ocrx_word' id='word_1_122' title='bbox 776 2215 885 2298; x_wconf 84' lang='lat' dir='ltr'>partis,</span> <span class='ocrx_word' id='word_1_123' title='bbox 908 2231 970 2295; x_wconf 91' lang='lat' dir='ltr'>qua</span> <span class='ocrx_word' id='word_1_124' title='bbox 985 2213 1148 2276; x_wconf 89' lang='lat' dir='ltr'>continen-</span> 
     </span>
     <span class='ocr_line' id='line_1_18' title="bbox 66 2317 1147 2403; baseline -0.002 -21"><span class='ocrx_word' id='word_1_125' title='bbox 66 2319 119 2382; x_wconf 90' lang='lat' dir='ltr'>tur</span> <span class='ocrx_word' id='word_1_126' title='bbox 144 2317 303 2403; x_wconf 79' lang='lat' dir='ltr'>epistulae,</span> <span class='ocrx_word' id='word_1_127' title='bbox 327 2321 417 2402; x_wconf 86' lang='lat' dir='ltr'>grato</span> <span class='ocrx_word' id='word_1_128' title='bbox 440 2320 544 2385; x_wconf 90' lang='lat' dir='ltr'>animo</span> <span class='ocrx_word' id='word_1_129' title='bbox 566 2321 709 2403; x_wconf 87' lang='lat' dir='ltr'>profiteor</span> <span class='ocrx_word' id='word_1_130' title='bbox 731 2339 781 2384; x_wconf 92' lang='lat' dir='ltr'>me</span> <span class='ocrx_word' id='word_1_131' title='bbox 797 2319 907 2384; x_wconf 89' lang='lat' dir='ltr'>debere</span> <span class='ocrx_word' id='word_1_132' title='bbox 924 2317 1147 2381; x_wconf 82' lang='lat' dir='ltr'>Alexandro</span> 
     </span>
     <span class='ocr_line' id='line_1_19' title="bbox 66 2420 1145 2505; baseline -0.001 -19"><span class='ocrx_word' id='word_1_133' title='bbox 66 2421 211 2486; x_wconf 87' lang='lat' dir='ltr'>Riesio.</span> <span class='ocrx_word' id='word_1_134' title='bbox 235 2422 292 2488; x_wconf 89' lang='lat' dir='ltr'>hoc</span> <span class='ocrx_word' id='word_1_135' title='bbox 314 2422 381 2487; x_wconf 85' lang='lat' dir='ltr'>uiro</span> <span class='ocrx_word' id='word_1_136' title='bbox 405 2423 586 2488; x_wconf 89' lang='lat' dir='ltr'>doctissimo</span> <span class='ocrx_word' id='word_1_137' title='bbox 609 2424 690 2488; x_wconf 91' lang='lat' dir='ltr'>teste</span> <span class='ocrx_word' id='word_1_138' title='bbox 712 2424 816 2488; x_wconf 82' lang='lat' dir='ltr'>textus</span> <span class='ocrx_word' id='word_1_139' title='bbox 840 2423 997 2505; x_wconf 86' lang='lat' dir='ltr'>eleganter</span> <span class='ocrx_word' id='word_1_140' title='bbox 1012 2420 1145 2504; x_wconf 87' lang='lat' dir='ltr'>scriptus</span> 
     </span>
     <span class='ocr_line' id='line_1_20' title="bbox 67 2526 1145 2610; baseline 0 -20"><span class='ocrx_word' id='word_1_141' title='bbox 67 2527 118 2605; x_wconf 84' lang='lat' dir='ltr'>est</span> <span class='ocrx_word' id='word_1_142' title='bbox 140 2530 170 2591; x_wconf 88' lang='lat' dir='ltr'>et</span> <span class='ocrx_word' id='word_1_143' title='bbox 192 2526 239 2591; x_wconf 90' lang='lat' dir='ltr'>ita</span> <span class='ocrx_word' id='word_1_144' title='bbox 262 2526 397 2610; x_wconf 85' lang='lat' dir='ltr'>quidem,</span> <span class='ocrx_word' id='word_1_145' title='bbox 421 2529 457 2592; x_wconf 89' lang='lat' dir='ltr'>ut</span> <span class='ocrx_word' id='word_1_146' title='bbox 480 2528 623 2610; x_wconf 90' lang='lat' dir='ltr'>singulae</span> <span class='ocrx_word' id='word_1_147' title='bbox 645 2526 774 2610; x_wconf 87' lang='lat' dir='ltr'>paginae</span> <span class='ocrx_word' id='word_1_148' title='bbox 797 2530 874 2593; x_wconf 87' lang='lat' dir='ltr'>duas</span> <span class='ocrx_word' id='word_1_149' title='bbox 898 2526 1058 2590; x_wconf 87' lang='lat' dir='ltr'>columnas</span> <span class='ocrx_word' id='word_1_150' title='bbox 1074 2545 1145 2591; x_wconf 86' lang='lat' dir='ltr'>uer-</span> 
     </span>
     <span class='ocr_line' id='line_1_21' title="bbox 66 2628 1145 2714; baseline 0.001 -20"><span class='ocrx_word' id='word_1_151' title='bbox 66 2648 161 2694; x_wconf 92' lang='lat' dir='ltr'>suum</span> <span class='ocrx_word' id='word_1_152' title='bbox 184 2630 549 2714; x_wconf 89' lang='lat' dir='ltr'>duodequadragenorum</span> <span class='ocrx_word' id='word_1_153' title='bbox 566 2629 740 2695; x_wconf 86' lang='lat' dir='ltr'>exhibeant.</span> <span class='ocrx_word' id='word_1_154' title='bbox 764 2628 977 2712; x_wconf 88' lang='lat' dir='ltr'>pentamentri</span> <span class='ocrx_word' id='word_1_155' title='bbox 993 2647 1055 2694; x_wconf 91' lang='lat' dir='ltr'>non</span> <span class='ocrx_word' id='word_1_156' title='bbox 1071 2631 1145 2695; x_wconf 91' lang='lat' dir='ltr'>sub-</span> 
     </span>
     <span class='ocr_line' id='line_1_22' title="bbox 65 2732 1147 2816; baseline 0.001 -19"><span class='ocrx_word' id='word_1_157' title='bbox 65 2732 251 2798; x_wconf 87' lang='lat' dir='ltr'>ductisunt.</span> <span class='ocrx_word' id='word_1_158' title='bbox 274 2733 436 2816; x_wconf 84' lang='lat' dir='ltr'>inscriptio</span> <span class='ocrx_word' id='word_1_159' title='bbox 458 2734 534 2800; x_wconf 88' lang='lat' dir='ltr'>haee</span> <span class='ocrx_word' id='word_1_160' title='bbox 556 2735 681 2816; x_wconf 87' lang='lat' dir='ltr'>legitur.</span> <span class='ocrx_word' id='word_1_161' title='bbox 713 2734 835 2815; x_wconf 78' lang='lat' dir='ltr'>Incipit</span> <span class='ocrx_word' id='word_1_162' title='bbox 850 2733 978 2798; x_wconf 78' lang='lat' dir='ltr'>auidius</span> <span class='ocrx_word' id='word_1_163' title='bbox 992 2735 1147 2815; x_wconf 77' lang='lat' dir='ltr'>epistota-</span> 
     </span>
     <span class='ocr_line' id='line_1_23' title="bbox 65 2837 1147 2923; baseline 0.004 -24"><span class='ocrx_word' id='word_1_164' title='bbox 65 2857 140 2900; x_wconf 80' lang='lat' dir='ltr'>rum</span> <span class='ocrx_word' id='word_1_165' title='bbox 166 2838 253 2921; x_wconf 75' lang='lat' dir='ltr'>(sio).;</span> <span class='ocrx_word' id='word_1_166' title='bbox 277 2837 463 2921; x_wconf 86' lang='lat' dir='ltr'>subscriptio</span> <span class='ocrx_word' id='word_1_167' title='bbox 485 2837 556 2923; x_wconf 92' lang='lat' dir='ltr'>post</span> <span class='ocrx_word' id='word_1_168' title='bbox 578 2859 608 2903; x_wconf 85' lang='lat' dir='ltr'>v.</span> <span class='ocrx_word' id='word_1_169' title='bbox 631 2837 700 2905; x_wconf 86' lang='lat' dir='ltr'>XX.</span> <span class='ocrx_word' id='word_1_170' title='bbox 716 2839 755 2903; x_wconf 81' lang='lat'>12</span> <span class='ocrx_word' id='word_1_171' title='bbox 779 2837 826 2922; x_wconf 90' lang='lat' dir='ltr'>(in</span> <span class='ocrx_word' id='word_1_172' title='bbox 849 2856 941 2922; x_wconf 90' lang='lat' dir='ltr'>quem</span> <span class='ocrx_word' id='word_1_173' title='bbox 965 2838 1089 2903; x_wconf 90' lang='lat' dir='ltr'>omissis</span> <span class='ocrx_word' id='word_1_174' title='bbox 1106 2840 1147 2903; x_wconf 88' lang='lat' dir='ltr'>ll.</span> 
     </span>
     <span class='ocr_line' id='line_1_24' title="bbox 68 2940 1148 3028; baseline 0.005 -25"><span class='ocrx_word' id='word_1_175' title='bbox 68 2940 118 3007; x_wconf 88' lang='lat'>18.</span> <span class='ocrx_word' id='word_1_176' title='bbox 145 2941 194 3006; x_wconf 83' lang='lat'>19.</span> <span class='ocrx_word' id='word_1_177' title='bbox 218 2940 285 3005; x_wconf 88' lang='lat' dir='ltr'>XV.</span> <span class='ocrx_word' id='word_1_178' title='bbox 310 2941 461 3006; x_wconf 82' lang='grc'><strong>39-142</strong></span> <span class='ocrx_word' id='word_1_179' title='bbox 483 2942 631 3007; x_wconf 88' lang='lat' dir='ltr'>desinunt</span> <span class='ocrx_word' id='word_1_180' title='bbox 653 2943 816 3028; x_wconf 89' lang='lat' dir='ltr'>epistulae)</span> <span class='ocrx_word' id='word_1_181' title='bbox 841 2943 917 3008; x_wconf 90' lang='lat' dir='ltr'>haec</span> <span class='ocrx_word' id='word_1_182' title='bbox 941 2943 1039 3007; x_wconf 83' lang='lat' dir='ltr'>extat:</span> <span class='ocrx_word' id='word_1_183' title='bbox 1074 2943 1148 3008; x_wconf 83' lang='lat' dir='ltr'>EX·</span> 
     </span>
     <span class='ocr_line' id='line_1_25' title="bbox 64 3043 1148 3129; baseline 0.004 -21"><span class='ocrx_word' id='word_1_184' title='bbox 64 3043 207 3109; x_wconf 80' lang='lat' dir='ltr'>Pnlcln</span> <span class='ocrx_word' id='word_1_185' title='bbox 222 3045 348 3111; x_wconf 78' lang='lat' dir='ltr'>LIBER</span> <span class='ocrx_word' id='word_1_186' title='bbox 370 3044 467 3111; x_wconf 86' lang='lat' dir='ltr'>ouidii</span> <span class='ocrx_word' id='word_1_187' title='bbox 490 3065 539 3129; x_wconf 86' lang='lat' dir='ltr'>apr</span> <span class='ocrx_word' id='word_1_188' title='bbox 556 3046 745 3113; x_wconf 84' lang='lat' dir='ltr'>ltoIARVM.</span> <span class='ocrx_word' id='word_1_189' title='bbox 763 3047 915 3128; x_wconf 87' lang='lat' dir='ltr'>epistulae</span> <span class='ocrx_word' id='word_1_190' title='bbox 930 3065 1037 3112; x_wconf 89' lang='lat' dir='ltr'>omnes</span> <span class='ocrx_word' id='word_1_191' title='bbox 1053 3045 1148 3112; x_wconf 89' lang='lat' dir='ltr'>solita</span> 
     </span>
     <span class='ocr_line' id='line_1_26' title="bbox 64 3148 1147 3233; baseline 0.003 -21"><span class='ocrx_word' id='word_1_192' title='bbox 64 3149 185 3213; x_wconf 89' lang='lat' dir='ltr'>ratione</span> <span class='ocrx_word' id='word_1_193' title='bbox 196 3149 375 3215; x_wconf 92' lang='lat' dir='ltr'>nominibus</span> <span class='ocrx_word' id='word_1_194' title='bbox 387 3148 516 3215; x_wconf 88' lang='lat' dir='ltr'>heroum</span> <span class='ocrx_word' id='word_1_195' title='bbox 532 3150 564 3214; x_wconf 91' lang='lat' dir='ltr'>et</span> <span class='ocrx_word' id='word_1_196' title='bbox 578 3149 739 3215; x_wconf 89' lang='lat' dir='ltr'>heroidum</span> <span class='ocrx_word' id='word_1_197' title='bbox 754 3149 924 3233; x_wconf 88' lang='lat' dir='ltr'>inscriptae</span> <span class='ocrx_word' id='word_1_198' title='bbox 939 3151 1013 3214; x_wconf 88' lang='lat' dir='ltr'>sunt</span> <span class='ocrx_word' id='word_1_199' title='bbox 1024 3154 1147 3232; x_wconf 89' lang='lat' dir='ltr'>praeter</span> 
     </span>
     <span class='ocr_line' id='line_1_27' title="bbox 65 3251 1149 3338; baseline 0.002 -21"><span class='ocrx_word' id='word_1_200' title='bbox 65 3271 114 3334; x_wconf 91' lang='lat' dir='ltr'>ep.</span> <span class='ocrx_word' id='word_1_201' title='bbox 138 3252 171 3330; x_wconf 87' lang='grc' dir='ltr'>Ι,</span> <span class='ocrx_word' id='word_1_202' title='bbox 200 3270 279 3336; x_wconf 83' lang='lat' dir='ltr'>quae</span> <span class='ocrx_word' id='word_1_203' title='bbox 301 3251 422 3318; x_wconf 89' lang='lat' dir='ltr'>nullam</span> <span class='ocrx_word' id='word_1_204' title='bbox 444 3253 569 3318; x_wconf 82' lang='lat' dir='ltr'>exhibet</span> <span class='ocrx_word' id='word_1_205' title='bbox 591 3252 834 3338; x_wconf 81' lang='lat' dir='ltr'>inscrIptionem.</span> <span class='ocrx_word' id='word_1_206' title='bbox 873 3255 996 3337; x_wconf 89' lang='lat' dir='ltr'>praeter</span> <span class='ocrx_word' id='word_1_207' title='bbox 1018 3274 1149 3319; x_wconf 87' lang='lat' dir='ltr'>manum</span> 
     </span>
     <span class='ocr_line' id='line_1_28' title="bbox 64 3355 1147 3450; baseline 0.002 -30"><span class='ocrx_word' id='word_1_208' title='bbox 64 3355 212 3450; x_wconf 85' lang='lat' dir='ltr'>primam,</span> <span class='ocrx_word' id='word_1_209' title='bbox 237 3376 315 3439; x_wconf 89' lang='lat' dir='ltr'>quae</span> <span class='ocrx_word' id='word_1_210' title='bbox 336 3358 459 3422; x_wconf 86' lang='lat' dir='ltr'>textum</span> <span class='ocrx_word' id='word_1_211' title='bbox 481 3356 618 3440; x_wconf 83' lang='lat' dir='ltr'>scripsit,</span> <span class='ocrx_word' id='word_1_212' title='bbox 642 3356 742 3422; x_wconf 86' lang='lat' dir='ltr'>altera</span> <span class='ocrx_word' id='word_1_213' title='bbox 765 3356 968 3440; x_wconf 88' lang='lat' dir='ltr'>cognoscitur,</span> <span class='ocrx_word' id='word_1_214' title='bbox 993 3377 1071 3440; x_wconf 83' lang='lat' dir='ltr'>quae</span> <span class='ocrx_word' id='word_1_215' title='bbox 1088 3358 1147 3423; x_wconf 92' lang='lat' dir='ltr'>ali-</span> 
     </span>
     <span class='ocr_line' id='line_1_29' title="bbox 65 3459 1148 3549; baseline 0.004 -26"><span class='ocrx_word' id='word_1_216' title='bbox 65 3459 143 3542; x_wconf 90' lang='lat' dir='ltr'>quot</span> <span class='ocrx_word' id='word_1_217' title='bbox 164 3459 243 3525; x_wconf 89' lang='lat' dir='ltr'>locis</span> <span class='ocrx_word' id='word_1_218' title='bbox 266 3463 451 3544; x_wconf 83' lang='lat' dir='ltr'>scripturam</span> <span class='ocrx_word' id='word_1_219' title='bbox 473 3459 669 3549; x_wconf 85' lang='lat' dir='ltr'>primitivam</span> <span class='ocrx_word' id='word_1_220' title='bbox 698 3460 840 3525; x_wconf 86' lang='lat' dir='ltr'>correxit.</span> <span class='ocrx_word' id='word_1_221' title='bbox 875 3460 928 3525; x_wconf 86' lang='lat' dir='ltr'>sed</span> <span class='ocrx_word' id='word_1_222' title='bbox 962 3480 1030 3526; x_wconf 88' lang='lat' dir='ltr'>cum</span> <span class='ocrx_word' id='word_1_223' title='bbox 1067 3463 1148 3528; x_wconf 87' lang='lat' dir='ltr'>tales</span> 
     </span>
     <span class='ocr_line' id='line_1_30' title="bbox 65 3558 1148 3651; baseline 0.003 -23"><span class='ocrx_word' id='word_1_224' title='bbox 65 3564 260 3630; x_wconf 86' lang='lat' dir='ltr'>correcturae</span> <span class='ocrx_word' id='word_1_225' title='bbox 282 3583 351 3630; x_wconf 89' lang='lat' dir='ltr'>raro</span> <span class='ocrx_word' id='word_1_226' title='bbox 374 3568 537 3641; x_wconf 84' lang='lat' dir='ltr'>occurant,</span> <span class='ocrx_word' id='word_1_227' title='bbox 573 3565 610 3629; x_wconf 87' lang='lat' dir='ltr'>de</span> <span class='ocrx_word' id='word_1_228' title='bbox 644 3558 709 3630; x_wconf 85' lang='lat' dir='ltr'>eins</span> <span class='ocrx_word' id='word_1_229' title='bbox 743 3566 847 3630; x_wconf 89' lang='lat' dir='ltr'>aetate</span> <span class='ocrx_word' id='word_1_230' title='bbox 880 3565 958 3630; x_wconf 87' lang='lat' dir='ltr'>certi</span> <span class='ocrx_word' id='word_1_231' title='bbox 981 3565 1148 3651; x_wconf 87' lang='lat' dir='ltr'>quicquam</span> 
     </span>
     <span class='ocr_line' id='line_1_31' title="bbox 64 3665 1148 3754; baseline 0.004 -22"><span class='ocrx_word' id='word_1_232' title='bbox 64 3668 164 3732; x_wconf 87' lang='lat' dir='ltr'>statui</span> <span class='ocrx_word' id='word_1_233' title='bbox 186 3668 305 3751; x_wconf 87' lang='lat' dir='ltr'>nequit.</span> <span class='ocrx_word' id='word_1_234' title='bbox 331 3665 369 3749; x_wconf 83' lang='lat'>¹⁴)</span> <span class='ocrx_word' id='word_1_235' title='bbox 388 3668 508 3733; x_wconf 87' lang='lat' dir='ltr'>accedit</span> <span class='ocrx_word' id='word_1_236' title='bbox 522 3668 617 3734; x_wconf 90' lang='lat' dir='ltr'>tertia</span> <span class='ocrx_word' id='word_1_237' title='bbox 632 3687 742 3735; x_wconf 91' lang='lat' dir='ltr'>manus</span> <span class='ocrx_word' id='word_1_238' title='bbox 758 3687 781 3732; x_wconf 89' lang='lat' dir='ltr'>s.</span> <span class='ocrx_word' id='word_1_239' title='bbox 795 3668 997 3734; x_wconf 86' lang='lat' dir='ltr'>XIII—XIV</span> <span class='ocrx_word' id='word_1_240' title='bbox 1012 3671 1148 3754; x_wconf 91' lang='lat' dir='ltr'>nigriore</span> 
     </span>
     <span class='ocr_line' id='line_1_32' title="bbox 65 3772 1145 3858; baseline 0.002 -20"><span class='ocrx_word' id='word_1_241' title='bbox 65 3772 243 3838; x_wconf 88' lang='lat' dir='ltr'>atramento</span> <span class='ocrx_word' id='word_1_242' title='bbox 266 3773 444 3855; x_wconf 86' lang='lat' dir='ltr'>conspicua,</span> <span class='ocrx_word' id='word_1_243' title='bbox 480 3790 557 3856; x_wconf 90' lang='lat' dir='ltr'>quae</span> <span class='ocrx_word' id='word_1_244' title='bbox 590 3774 710 3857; x_wconf 87' lang='lat' dir='ltr'>glossas</span> <span class='ocrx_word' id='word_1_245' title='bbox 744 3773 826 3837; x_wconf 88' lang='lat' dir='ltr'>inter</span> <span class='ocrx_word' id='word_1_246' title='bbox 849 3774 950 3838; x_wconf 88' lang='lat' dir='ltr'>lineas</span> <span class='ocrx_word' id='word_1_247' title='bbox 973 3775 1145 3858; x_wconf 85' lang='lat' dir='ltr'>adscripsit,</span> 
     </span>
     <span class='ocr_line' id='line_1_33' title="bbox 65 3875 1147 3962; baseline 0 -20"><span class='ocrx_word' id='word_1_248' title='bbox 65 3895 126 3962; x_wconf 90' lang='lat' dir='ltr'>qno</span> <span class='ocrx_word' id='word_1_249' title='bbox 149 3876 257 3942; x_wconf 87' lang='lat' dir='ltr'>codem</span> <span class='ocrx_word' id='word_1_250' title='bbox 278 3894 409 3940; x_wconf 88' lang='lat' dir='ltr'>munere</span> <span class='ocrx_word' id='word_1_251' title='bbox 431 3875 541 3941; x_wconf 83' lang='lat' dir='ltr'>innota</span> <span class='ocrx_word' id='word_1_252' title='bbox 564 3880 613 3941; x_wconf 92' lang='lat' dir='ltr'>est</span> <span class='ocrx_word' id='word_1_253' title='bbox 635 3895 748 3941; x_wconf 88' lang='lat' dir='ltr'>manus</span> <span class='ocrx_word' id='word_1_254' title='bbox 772 3877 883 3960; x_wconf 89' lang='lat' dir='ltr'>quarta</span> <span class='ocrx_word' id='word_1_255' title='bbox 906 3897 929 3942; x_wconf 91' lang='lat' dir='ltr'>s.</span> <span class='ocrx_word' id='word_1_256' title='bbox 952 3877 1147 3943; x_wconf 83' lang='lat' dir='ltr'>XV—XVI</span> 
     </span>
     <span class='ocr_line' id='line_1_34' title="bbox 66 3978 1144 4062; baseline -0.001 -14"><span class='ocrx_word' id='word_1_257' title='bbox 66 3981 163 4048; x_wconf 91' lang='lat' dir='ltr'>nimis</span> <span class='ocrx_word' id='word_1_258' title='bbox 186 3978 303 4062; x_wconf 89' lang='lat' dir='ltr'>pallido</span> <span class='ocrx_word' id='word_1_259' title='bbox 326 3984 502 4046; x_wconf 88' lang='lat' dir='ltr'>atramento</span> <span class='ocrx_word' id='word_1_260' title='bbox 518 3999 584 4047; x_wconf 91' lang='lat' dir='ltr'>usa.</span> <span class='ocrx_word' id='word_1_261' title='bbox 608 3982 732 4045; x_wconf 84' lang='lat' dir='ltr'>textum</span> <span class='ocrx_word' id='word_1_262' title='bbox 747 3981 853 4046; x_wconf 90' lang='lat' dir='ltr'>autem</span> <span class='ocrx_word' id='word_1_263' title='bbox 869 3981 926 4046; x_wconf 88' lang='lat' dir='ltr'>hae</span> <span class='ocrx_word' id='word_1_264' title='bbox 942 3985 1020 4047; x_wconf 88' lang='lat' dir='ltr'>duae</span> <span class='ocrx_word' id='word_1_265' title='bbox 1034 4000 1144 4047; x_wconf 90' lang='lat' dir='ltr'>manus</span> 
     </span>
    </p>
   </div>
   <div class='ocr_carea' id='block_1_5' title="bbox 63 4084 1146 4168">
    <p class='ocr_par' dir='ltr' id='par_1_5' title="bbox 63 4084 1146 4168">
     <span class='ocr_line' id='line_1_35' title="bbox 63 4084 1146 4168; baseline 0 -16"><span class='ocrx_word' id='word_1_266' title='bbox 63 4106 127 4153; x_wconf 94' lang='lat' dir='ltr'>non</span> <span class='ocrx_word' id='word_1_267' title='bbox 150 4089 357 4164; x_wconf 84' lang='lat' dir='ltr'>correxerunt,</span> <span class='ocrx_word' id='word_1_268' title='bbox 380 4085 442 4150; x_wconf 87' lang='lat' dir='ltr'>nisi</span> <span class='ocrx_word' id='word_1_269' title='bbox 466 4086 547 4167; x_wconf 88' lang='lat' dir='ltr'>quod</span> <span class='ocrx_word' id='word_1_270' title='bbox 571 4084 665 4149; x_wconf 91' lang='lat' dir='ltr'>tertia</span> <span class='ocrx_word' id='word_1_271' title='bbox 687 4104 799 4149; x_wconf 89' lang='lat' dir='ltr'>manus</span> <span class='ocrx_word' id='word_1_272' title='bbox 824 4085 944 4168; x_wconf 87' lang='lat' dir='ltr'>aliquot</span> <span class='ocrx_word' id='word_1_273' title='bbox 967 4084 1043 4150; x_wconf 89' lang='lat' dir='ltr'>locis</span> <span class='ocrx_word' id='word_1_274' title='bbox 1060 4085 1093 4149; x_wconf 95' lang='lat' dir='ltr'>in</span> <span class='ocrx_word' id='word_1_275' title='bbox 1111 4105 1146 4152; x_wconf 92' lang='lat' dir='ltr'>re</span> 
     </span>
    </p>
   </div>
   <div class='ocr_carea' id='block_1_6' title="bbox 63 4304 1167 4450">
    <p class='ocr_par' dir='ltr' id='par_1_6' title="bbox 63 4304 1167 4450">
     <span class='ocr_line' id='line_1_36' title="bbox 171 4304 1167 4372; baseline -0.004 -12"><span class='ocrx_word' id='word_1_276' title='bbox 171 4305 202 4372; x_wconf 81' lang='lat'>¹⁴)</span> <span class='ocrx_word' id='word_1_277' title='bbox 226 4305 297 4360; x_wconf 75' lang='lat' dir='ltr'>Fau</span> <span class='ocrx_word' id='word_1_278' title='bbox 319 4308 423 4362; x_wconf 70' lang='lat' dir='ltr'>achaica</span> <span class='ocrx_word' id='word_1_279' title='bbox 446 4324 474 4362; x_wconf 82' lang='lat' dir='ltr'>es</span> <span class='ocrx_word' id='word_1_280' title='bbox 496 4309 550 4361; x_wconf 80' lang='lat' dir='ltr'>mir</span> <span class='ocrx_word' id='word_1_281' title='bbox 573 4309 614 4362; x_wconf 81' lang='lat' dir='ltr'>die</span> <span class='ocrx_word' id='word_1_282' title='bbox 633 4306 723 4362; x_wconf 81' lang='lat' dir='ltr'>Haud</span> <span class='ocrx_word' id='word_1_283' title='bbox 747 4306 794 4363; x_wconf 79' lang='lat' dir='ltr'>(tes</span> <span class='ocrx_word' id='word_1_284' title='bbox 816 4307 975 4364; x_wconf 79' lang='lat' dir='ltr'>Schrcihers</span> <span class='ocrx_word' id='word_1_285' title='bbox 993 4306 1045 4360; x_wconf 75' lang='lat' dir='ltr'>hes</span> <span class='ocrx_word' id='word_1_286' title='bbox 1065 4304 1167 4360; x_wconf 65' lang='lat' dir='ltr'>heheu</span> 
     </span>
     <span class='ocr_line' id='line_1_37' title="bbox 63 4390 495 4450; baseline 0.009 -4"><span class='ocrx_word' id='word_1_287' title='bbox 63 4390 145 4446; x_wconf 72' lang='lat' dir='ltr'>albu</span> <span class='ocrx_word' id='word_1_288' title='bbox 161 4407 198 4446; x_wconf 75' lang='lat' dir='ltr'>aa</span> <span class='ocrx_word' id='word_1_289' title='bbox 214 4393 274 4447; x_wconf 78' lang='lat' dir='ltr'>sein</span> <span class='ocrx_word' id='word_1_290' title='bbox 289 4392 366 4448; x_wconf 74' lang='lat' dir='ltr'>annio</span> <span class='ocrx_word' id='word_1_291' title='bbox 381 4395 495 4450; x_wconf 69' lang='lat' dir='ltr'>Blesins.</span> 
     </span>
    </p>
   </div>
   <div class='ocr_carea' id='block_1_7' title="bbox 0 0 1352 4658">
    <p class='ocr_par' dir='ltr' id='par_1_7' title="bbox 0 0 1352 4658">
     <span class='ocr_line' id='line_1_38' title="bbox 0 0 1352 4658; baseline 0 0"><span class='ocrx_word' id='word_1_292' title='bbox 0 0 1352 4658; x_wconf 95' lang='lat' dir='ltr'> </span> 
     </span>
    </p>
   </div>
   <div class='ocr_carea' id='block_1_8' title="bbox 1036 4477 1082 4531">
    <p class='ocr_par' dir='ltr' id='par_1_8' title="bbox 1036 4477 1082 4531">
     <span class='ocr_line' id='line_1_39' title="bbox 1036 4477 1082 4531; baseline 0 -23"><span class='ocrx_word' id='word_1_293' title='bbox 1036 4477 1082 4531; x_wconf 49' lang='lat' dir='ltr'>&lt;2ss</span> 
     </span>
    </p>
   </div>
  </div>
 </body>
</html>
