2694 4658
577 316 789 380 ..73-

305 501 344 568 Ut
366 503 477 585 cupiat
500 503 628 583 Poridi,
652 523 748 585 quum
771 504 872 569 Paris
893 508 967 568 uute
988 504 1069 570 slot:
1130 519 1131 522 ’

246 607 360 671 Iuruut
382 611 419 685 et,
442 625 541 672 ceusu
561 626 651 688 quem
673 607 756 690 uicit,
778 607 885 672 oiueut
907 610 935 671 et
956 606 1066 672 crucis.

142 726 178 791 hi
201 746 251 792 vv.
274 727 308 792 in
330 727 475 792 omnibus
497 726 588 791 libris
611 727 762 810 leguntur
783 731 906 811 praetor
921 725 1106 813 PVGtg33
1130 727 1163 791 in
1186 744 1220 811 v³

140 832 265 896 inverso
287 830 393 895 ordine
416 830 521 895 extant
542 833 614 912 post
635 848 663 894 v,
689 830 746 907 76;
769 831 803 896 in
826 855 857 918 γ,
872 855 908 916 γ9
930 831 1108 895 hexameter
1122 828 1221 893 inter·

142 935 268 1016 polatus
291 933 323 997 ot
344 935 536 1016 pentameter
557 933 711 1017 genuinus
736 935 778 1017 (v.
803 934 856 1012 74)
880 935 1016 999 desunt„
1095 952 1098 958 ·

246 1155 307 1237 Qui
327 1156 360 1221 in
375 1157 434 1222 hae
450 1156 587 1239 epistula
601 1156 804 1223 inveniuntur
819 1176 927 1223 versus
942 1155 1080 1235 insiticii‚
1097 1159 1220 1238 practer

141 1278 241 1324 unum
263 1259 420 1326 distichon
443 1278 550 1325 omnes
572 1260 679 1325 extant
701 1259 734 1325 in
756 1261 863 1340 libris,
898 1263 931 1326 in
961 1260 1072 1343 quibus
1107 1259 1221 1324 desunt

141 1383 192 1429 vv.
215 1363 377 1430 39—142
400 1364 509 1430 Heins
533 1362 598 1428 iam
627 1381 721 1445 supra
743 1384 772 1446 p.
795 1364 838 1430 35
860 1366 993 1430 diximus
1017 1363 1165 1428 nonnulla
1187 1361 1221 1426 in

141 1487 189 1553 ep.
212 1467 288 1533 XVI
311 1467 437 1534 omnino
460 1485 521 1532 non
543 1465 697 1552 intellegi,
720 1468 748 1532 si
771 1486 819 1531 vv.
843 1467 894 1533 illi
917 1485 965 1549 ep.
988 1466 1048 1531 XV
1070 1466 1221 1532 omittan-

140 1573 208 1636 tur:
230 1570 383 1637 Helenam
406 1571 489 1635 enim
512 1569 546 1633 in
568 1589 614 1653 ep.
631 1569 707 1635 XVI
729 1569 766 1635 do
789 1570 846 1636 lite
869 1571 997 1636 dearum
1013 1571 1113 1636 multo
1128 1569 1219 1653 plura

141 1675 242 1754 scire,
265 1693 358 1757 quam
382 1679 461 1757 quae
483 1672 574 1738 Paris
598 1672 740 1765 narravit
761 1673 796 1738 in
818 1694 864 1757 ep.
887 1673 956 1740 XV.
979 1675 1061 1757 quod
1085 1675 1222 1740 sentiens
1254 1685 1257 1703 ¹

139 1776 364 1861 grammaticus
398 1777 523 1861 quidam
558 1794 636 1842 saec.
666 1775 746 1840 XIII
778 1780 849 1860 post
878 1796 907 1842 v.
931 1777 972 1842 62
1001 1796 1049 1860 ep.
1072 1777 1132 1844 XV
1166 1779 1223 1844 hoe

141 1881 328 1962 interposuit
351 1879 523 1945 distichon:

244 2000 324 2068 Cum
344 2000 446 2066 Veuus
467 2005 495 2064 et
518 1998 607 2066 Juuo
633 2001 806 2082 Pallasque
829 2001 865 2064 iu
886 2001 1021 2068 uallibus
1043 2001 1122 2066 Idae

297 2103 438 2185 Corpore
459 2105 576 2171 emisio
599 2125 787 2188 supposuere
808 2125 884 2172 aueo.

140 2218 181 2293 a'd
203 2226 284 2310 quod
306 2244 377 2291 mox
399 2233 578 2293 acesserunt
602 2247 709 2294 versus
731 2229 780 2294 hi:

229 2346 403 2428 Primaque
425 2367 496 2412 eum
517 2368 659 2432 repuuuu,
683 2349 753 2413 belli
775 2349 865 2413 daret
887 2348 990 2414 alteru
1012 2355 1133 2431 seuleus,

273 2450 492 2534 „Tyndaridis
513 2457 665 2517 coeluum
691 2453 785 2517 tertie
807 2453 891 2517 dicu
915 2454 1015 2536 „eris“

149 2571 243 2656 (conf.
266 2570 353 2637 XVI.
378 2572 439 2636 117
463 2573 522 2656 sq.)
546 2575 594 2638 vel
616 2592 672 2657 pro
695 2592 785 2638 versu
809 2575 923 2639 altero:

221 2693 224 2699 ’
348 2691 410 2760 Seu
431 2697 459 2758 te
478 2693 640 2776 promisso
662 2713 726 2757 uou
748 2693 828 2757 ruiti
850 2714 928 2759 eura
949 2694 1023 2776 fuit.

144 2812 206 2877 alia
229 2812 350 2878 medela
373 2815 478 2878 sensui
501 2816 654 2879 succurrit
679 2816 725 2879 vir
746 2814 854 2880 doetus
878 2832 957 2880 saec.
982 2815 1057 2898 XV;
1085 2804 1119 2881 in
1141 2835 1219 2882 non·

144 2915 241 2980 nullis
269 2915 360 2982 libris
394 2915 478 2981 enim
511 2916 606 2981 huius
639 2917 755 2983 saeculi
783 2917 906 3000 postu.
931 2917 974 2983 60
1000 2918 1057 2983 hoc
1081 2918 1221 3003 sequitur

146 3017 317 3086 distichon:

315 3138 468 3204 Virtutem
490 3140 563 3206 belli
586 3141 701 3206 Pullus
723 3141 907 3223 laudemque
927 3142 1047 3224 ferebat

371 3242 480 3308 Tertia
506 3243 667 3328 „eouiupa'u'
692 3245 784 3310 laude
804 3244 941 3327 frueuts“
969 3246 1025 3310 uit.

144 3381 249 3428 versus
272 3363 322 3428 illi
345 3363 505 3430 subdititii
529 3365 753 3446 cumprimum
770 3367 802 3431 in
818 3367 960 3451 margine
974 3366 1125 3450 adscripti
1141 3367 1221 3431 fuis·

144 3472 221 3545 sent,
246 3466 378 3533 divorsis
400 3467 477 3533 locis
499 3468 532 3532 in
555 3470 678 3534 textum
700 3469 785 3535 illati
808 3473 881 3536 sunt
904 3473 935 3536 et
958 3470 992 3535 in
1009 3471 1219 3552 compluribus

144 3571 232 3636 libris
254 3570 461 3654 genuinorum
485 3590 631 3636 versuum
654 3573 794 3637 ordinem
817 3574 928 3638 misere
943 3573 1218 3655 conturbaverunt,

145 3674 224 3756 quod
246 3676 279 3739 in
301 3674 436 3739 editione
459 3676 566 3741 critica
588 3676 761 3742 accuratius
784 3695 982 3760 exponemus.

246 3795 321 3860 Alia
343 3796 544 3880 interpolatio
567 3797 728 3864 invenitur
742 3799 776 3864 in
791 3800 868 3883 ipsis
883 3799 951 3864 illis
969 3799 1118 3871 versibus,
1143 3817 1219 3882 qnos

146 3896 313 3964 Merholius
336 3900 458 3965 auctore
483 3901 679 3967 Lachmanno
703 3903 809 3985 utpote
832 3904 985 3969 Italorum
1008 3902 1115 3967 fraude
1137 3902 1221 3968 ortos

147 4002 283 4066 eiecerat.
314 3995 450 4070 uidimus
480 4023 574 4086 supra
606 4024 637 4087 p.
653 4005 696 4070 35
718 4007 872 4071 Helenam
893 4006 979 4071 XVI.
998 4007 1058 4072 196
1082 4022 1221 4085 comper-

148 4103 212 4169 tum
234 4105 347 4171 habere
369 4105 490 4172 Paridis
513 4108 547 4172 in
573 4107 720 4174 Oenonen
744 4129 897 4188 amorem,
920 4127 1111 4192 quamquam
1133 4111 1221 4176 Paris

149 4205 178 4273 in
199 4227 245 4292 ap.
268 4209 327 4274 XV
350 4209 495 4277 Oenonen
518 4230 580 4277 non
604 4214 884 4281 commemorasset.
920 4213 1007 4278 cuius
1030 4216 1074 4278 rei
1096 4231 1222 4280 eausam

150 4307 167 4375 l.
190 4329 216 4378 c.
240 4314 447 4398 exposuimus.
471 4317 504 4381 at
525 4317 750 4401 grammaticus
773 4317 902 4403 quidam
922 4316 1022 4384 sill
1045 4317 1087 4381 in
1101 4316 1236 4382 hamdis
1272 4312 1279 4320 “’
