2694 4658
500 302 774 410 -aa-³

198 534 281 598 xlv.
329 535 378 600 18.
402 553 481 598 osso.
505 552 581 599 corr.
606 532 792 615 Naugerius.

169 638 286 703 XVIII.
305 638 377 704 118.
395 656 519 718 peccas.
544 655 620 703 corr.
645 636 870 721 Heusingcrus.

170 740 289 821 Quibus
311 743 387 807 locis
408 742 592 823 procedente
607 742 787 824 quaestione
802 740 933 807 fortasse
949 742 1141 809 inveniemus
1181 810 1183 814 ,

65 845 145 910 alios
168 845 333 923 addendos,
355 847 389 910 in
412 845 524 927 quibus
547 844 648 909 adhuc
671 862 761 908 nemo
784 842 920 909 effendit.

563 1037 592 1114 e.
615 1033 647 1100 a.

169 1170 245 1236 Cum
268 1171 366 1254 igitur
388 1171 556 1236 uiderimus
585 1169 681 1235 libros
703 1189 807 1235 omnes
832 1191 866 1235 ex
888 1190 950 1236 uno
974 1173 1142 1256 eodemque

65 1292 209 1340 manasse
231 1275 389 1358 achetypo‚
413 1276 477 1338 Iam
492 1274 712 1356 inquirendum
728 1275 785 1352 est,
809 1294 960 1357 quaenam
975 1277 1059 1341 inter
1075 1276 1139 1341 sin·

62 1378 155 1462 gulos
176 1378 350 1442 intercedat
372 1377 462 1443 ratio.
486 1395 558 1442 cum
582 1395 652 1443 vero
675 1377 709 1444 id
731 1396 830 1442 unum
846 1379 909 1444 iam
925 1380 1003 1444 satis
1020 1382 1139 1445 constet

63 1482 148 1547 inter
170 1481 253 1548 viros
277 1482 396 1566 doctos,
430 1482 612 1546 Parisinnm
634 1500 659 1546 s,
682 1481 729 1545 IX
752 1480 805 1566 (P)
835 1482 965 1564 reliquis
993 1483 1139 1548 omnibus

61 1586 157 1667 longe
179 1585 370 1664 antecellere,
394 1585 577 1668 priusquam
602 1605 672 1650 eum
695 1605 767 1650 cum
790 1586 899 1651 ceteris
915 1605 1137 1671 comparemus,

61 1689 212 1772 principis
245 1689 338 1753 huius
372 1688 445 1752 libri
474 1688 684 1754 condicionem
713 1690 888 1754 accuratius
917 1691 1138 1757 describamus.

61 1793 144 1859 nihil
167 1796 247 1858 enim
271 1793 373 1858 adhuc
395 1811 580 1858 noveramus
604 1793 641 1886 de
663 1795 792 1872 ratione,
816 1813 876 1876 qua
899 1797 955 1859 aut
977 1794 1091 1859 codicis
1114 1797 1138 1859 P

61 1901 119 1962 aut
141 1898 301 1982 archetypi
324 1897 390 1963 eius
412 1897 559 1962 librarius
581 1896 615 1961 in
639 1898 725 1962 textu
740 1901 894 1962 exarando
909 1917 983 1962 usus
999 1899 1048 1962 est
1063 1900 1141 1962 sori·

61 2001 216 2084 bendique
239 2019 358 2066 errores
381 2002 413 2066 et
434 2001 593 2087 graviores
616 2003 647 2065 et
669 2000 800 2067 leviores
831 2002 954 2067 silentio
975 2000 1139 2083 praeteriti

60 2106 102 2170 ab
126 2105 303 2185 editoribus,
328 2107 488 2188 tamquam
512 2105 538 2168 P
561 2106 664 2171 omnia
686 2105 731 2171 ita
753 2105 964 2183 exhiberet,u
965 2104 1139 2187 tleguntur

62 2210 95 2272 in
119 2208 317 2275 editionibus.
340 2228 448 2274 uerum
470 2210 581 2275 horum
604 2210 786 2305 mendorum
795 2227 949 2299 numerus
965 2208 997 2287 ιιι
1013 2209 1039 2284 P
1055 2209 1138 2295 haud

30 2292 679 2431 Quodnam&
646 2332 778 2398 cumque
794 2331 901 2377 eorum
917 2313 1002 2376 certe
1006 2286 1198 2513 pomini]

12 2447 17 2454 ·
61 2416 215 2501 distingui
229 2436 350 2501 genera,
374 2438 410 2482 en
426 2418 538 2500 quibus
554 2419 648 2483 facile
663 2420 801 2500 adparet
824 2435 975 2499 quasnam
991 2415 1137 2479 librarius

60 2525 94 2586 in
117 2524 207 2586 textu
229 2521 388 2586 scribendo
412 2523 538 2587 secutus
560 2521 602 2586 sit
635 2521 791 2599 rationes,
828 2537 918 2584 nemo
951 2519 1026 2601 puto
1059 2518 1183 2673 ha&

60 2624 276 2709 quaestionem
298 2643 559 2706 supervacaneam
584 2627 663 2689 exist
650 2624 786 2690 timebit.

164 2729 319 2793 Lubentcr
340 2729 366 2793 P
383 2728 508 2795 omittit
482 2732 637 2807 nosces,
661 2728 688 2792 si
711 2728 915 2846 antecedam
938 2727 994 2790 aut
1017 2725 1160 2790 similes

58 2834 306 2914 praecesserunt:

177 2934 246 2999 VII.
294 2936 623 3018 reuocatumque

295 3040 344 3104 75.
368 3040 445 3120 quid
466 3040 501 3103 ἀι
523 3041 675 3121 meruere]
699 3038 776 3119 quid
798 3057 935 3102 coercere

272 3144 343 3209 101.
366 3144 463 3222 uenio,
488 3143 577 3207 ccccc
599 3143 670 3224 tibi]
694 3142 782 3206 ceac'c
804 3142 860 3207 tuoe·

161 3246 249 3310 VIII.
296 3247 345 3313 73.
369 3249 508 3326 mancini,
532 3248 663 3312 enemim
685 3249 806 3329 tumeo]
830 3248 961 3310 cnemicc'
983 3249 1087 3307 ceuceu

198 3350 249 3413 IX.
293 3351 345 3415 32.
369 3351 706 3434 amicumamicumi]
730 3350 843 3414 nubere
859 3350 939 3429 puri

292 3455 343 3520 70.
366 3454 439 3519 huic
459 3455 557 3519 uictor
578 3455 670 3535 cc‘cio]
695 3454 767 3518 huic
789 3453 864 3517 victo

174 3556 244 3625 XII.
270 3559 341 3621 147.
363 3545 534 3640 quidquid]
558 3558 648 3639 quod.

162 3659 248 3740 Quae
267 3680 337 3726 cum
360 3663 406 3727 ita
429 3663 509 3739 sint,
543 3663 610 3728 iure
643 3662 829 3727 novissimus
864 3661 963 3726 editor
986 3660 1023 3722 A.
1048 3658 1135 3722 Pal·

54 3759 231 3840 merus³⁶)
255 3762 309 3826 IV.
335 3763 394 3827 111
418 3765 577 3828 revocavit
600 3757 848 3829 emendationem
872 3763 994 3827 Heinsii
1016 3762 1081 3825 cisi
1103 3761 1132 3824 ιι

55 3859 236 3944 manifesta,
261 3865 314 3930 ubi
336 3865 362 3929 P
384 3867 478 3931 habet
502 3866 568 3930 cisi
590 3867 771 3949 manifesto,
796 3866 890 3930 ceteri
913 3865 979 3929 uisi
994 3883 1050 3928 cos
1064 3883 1135 3926 mu-

56 3966 176 4048 uc'festu
188 3963 228 4049 ³⁷)
236 3989 247 4047 ‚·
280 3987 378 4050 neque
406 3970 644 4052 improbandum
676 3971 756 4053 quod
784 3970 867 4035 idem
890 3970 1052 4035 Palmcrus
1076 3966 1132 4030 VI.

56 4111 70 4115 --
79 4111 261 4119 ›--.--.....—-

161 4161 194 4227 ³⁶)
215 4163 261 4229 ,,Ρ.
280 4162 370 4218 Ovidii
383 4165 498 4221 Nasonis
511 4165 640 4220 Heroides
655 4166 725 4220 XIV.
746 4166 842 4220 Edited
855 4167 889 4235 by
902 4165 1005 4218 Arthur
1018 4163 1133 4230 Palmer,

57 4248 92 4305 n.
110 4251 161 4302 A.“
182 4249 291 4304 London
310 4254 359 4305 etc.
380 4256 454 4304 1874.
1012 4240 1015 4246 ’

161 4336 193 4403 ³⁷)
212 4336 252 4390 De
270 4337 386 4390 formula
398 4337 529 4392 Ouidiana
546 4341 601 4393 ur'eo'
618 4342 643 4392 si
660 4340 728 4393 coni.
742 4339 849 4394 Heinsii
860 4341 967 4394 notum.
982 4353 1147 4408 urunnnnexu

57 4436 106 4475 nce
123 4421 173 4476 hcc
192 4424 249 4478 loco
266 4423 421 4492 languidum
440 4431 489 4480 est.
516 4423 517 4427 ’
