2694 4658
582 303 795 370 ..69-

141 489 274 572 gratam
296 489 353 554 hoc
375 489 440 568 loco
463 508 552 575 opem
574 489 664 555 affert
686 491 724 569 V,
748 490 781 556 in
804 491 951 573 quoiam
974 510 1068 575 supra
1090 491 1224 559 diximus

146 593 274 659 nullum
294 592 430 659 inveniri
451 613 585 672 uersum,
609 594 662 677 qui
685 611 746 659 non
769 595 853 659 extet
876 594 909 660 in
931 594 967 660 P.
1080 662 1081 665 ,
1199 634 1201 638 2

249 695 394 763 Ceterum
415 699 453 763 de
475 698 533 763 hoc
555 688 833 782 interpolationem
859 717 985 782 genere„
1019 699 1048 765 si
1081 698 1166 764 iufra
1188 700 1225 764 de

147 800 346 885 argumentis
360 800 531 868 Heroidnm
546 800 686 867 metricis
702 800 896 885 disputatum
913 804 980 881 erit,
997 802 1112 880 melius
1128 801 1225 868 etiam

142 903 280 970 indicari
301 904 426 990 poterit.

638 1095 669 1173 e.
694 1092 744 1158 14.

251 1229 431 1297 Videndum
453 1247 536 1296 nnuc
560 1229 597 1293 de
613 1229 652 1295 iis
668 1230 808 1296 versibus
823 1230 977 1316 insitioiis,
1002 1232 1102 1315 quiin
1117 1232 1227 1298 mediis

138 1331 295 1416 epistulis
323 1337 496 1398 occurrunt.
534 1350 666 1415 quarum
695 1333 970 1417 interpolationem
999 1335 1090 1418 plura
1112 1334 1225 1400 distin·
1323 1320 1326 1327 ’

137 1435 269 1520 :guenda
291 1439 366 1502 sunt
389 1455 513 1520 genera,
537 1453 614 1518 quae
636 1437 701 1500 iam
724 1435 868 1521 deinceps
890 1438 1111 1504 tractabimus.

186 1538 189 1542 ’
251 1534 452 1605 Adamab'ant
474 1538 708 1622 interpolatores
730 1541 919 1605 sententiam
943 1544 1097 1624 quandam
1118 1541 1227 1625 poetae

146 1641 223 1707 aliis
246 1643 414 1726 exprimere
437 1641 542 1708 verbis
565 1642 598 1706 et
620 1660 845 1724 nonnunquam
867 1644 993 1727 quidem
1008 1643 1142 1728 singulis
1157 1662 1228 1708 rer·

143 1745 244 1824 sibus,
267 1744 425 1811 interdum
448 1744 544 1811 etiam
560 1743 713 1810 distichis.
738 1745 912 1812 cuiusmodi
927 1747 1182 1832 interpolationes
1198 1746 1225 1810 si

143 1849 280 1934 singulis
304 1848 488 1914 constabant
510 1846 660 1927 uersibus,
684 1848 784 1913 sicubi
806 1848 840 1913 in
862 1851 984 1916 textum
1006 1851 1119 1917 illatae
1142 1851 1224 1931 sunt,
1280 1924 1282 1931 ,

140 1952 213 2018 viam
235 1953 296 2017 duo
317 1951 490 2017 hexametri
512 1950 564 2034 rel
580 1951 639 2016 duo
655 1952 842 2033 pentametri
856 1970 889 2017 se
906 1954 1116 2037 excipiebant:
1133 1972 1227 2037 quare

143 2055 344 2141 grammatici
366 2055 413 2120 nil
441 2054 581 2120 cunctati
615 2055 839 2138 suppleverunt
871 2075 993 2137 versus,
1029 2059 1083 2142 qui
1117 2060 1222 2123 deesse

140 2160 329 2251 viderentur
351 2160 458 2243 itaque
480 2158 670 2244 amplificata
692 2159 741 2224 est
763 2159 973 2242 interpolatio.

249 2263 318 2329 Iam
341 2263 516 2329 adferemus
548 2261 642 2346 primi
665 2263 756 2328 huins
778 2263 901 2347 generis
924 2266 1064 2348 exempla
1087 2266 1226 2331 collecta.

594 2457 597 2466 .
629 2402 686 2486 llp.
711 2402 749 2467 V.

107 2527 110 2531 ’
246 2524 342 2590 Extat
362 2525 396 2589 in
418 2523 561 2590 omnibus
584 2523 673 2588 libris
696 2527 819 2605 praeter
833 2524 894 2589 PG
918 2525 1030 2610 (etiarn
1046 2527 1080 2590 in
1095 2524 1135 2610 Ε)
1151 2528 1222 2608 post

139 2652 175 2694 v.
200 2628 244 2693 22
267 2627 314 2713 (in
336 2627 396 2712 fpss
408 2645 486 2714 ggcn
509 2629 580 2707 post
602 2644 631 2690 v.
654 2624 711 2709 24)
735 2626 891 2692 distichon
913 2627 987 2693 hoc:

292 2746 436 2828 Populus
458 2751 510 2826 cst,
534 2748 672 2828 uculbi,
693 2748 821 2828 fluctuli
842 2749 963 2814 consito
985 2751 1071 2831 ripa,

350 2850 411 2916 Est
432 2856 469 2914 u'u
491 2871 554 2932 qua
576 2852 677 2915 uestri
699 2851 807 2917 ludere
828 2853 951 2932 scriptu
971 2871 1095 2917 memor.

137 2989 205 3054 quo
229 2971 361 3053 repetita
383 2971 618 3050 est'sententia
642 2991 720 3054 quae
742 2973 825 3038 inest
847 2977 877 3036 in
900 2991 949 3037 vv.
973 2973 1025 3039 25.
1049 2974 1105 3039 26:

247 3089 379 3172 Populo,
401 3091 477 3171 niue,
495 3109 617 3171 precor,
640 3111 720 3172 quac
741 3092 862 3157 cousu’tu
884 3093 1029 3176 margine
1050 3094 1142 3174 ripae

299 3194 367 3260 Hoc
390 3194 425 3258 tu
447 3213 560 3278 rugoso
582 3195 692 3260 culice
715 3215 842 3260 curuccu
864 3195 966 3262 babes.

611 3334 668 3416 Ep.
692 3333 765 3399 VII.

247 3472 276 3522 u.
300 3455 341 3520 23
364 3473 410 3538 sq.
445 3453 525 3519 Dido
559 3472 693 3530 amorem
729 3474 820 3519 suum
855 3455 938 3520 huuc
966 3455 999 3520 in
1021 3455 1149 3521 modum
1172 3456 1226 3521 de·

142 3558 270 3625 scribit:
562 3610 565 3623 .

157 3657 160 3663 ’
328 3660 418 3742 Uror,
441 3667 477 3726 ut
498 3663 626 3728 iuducto
649 3667 770 3727 ceretae
791 3661 921 3743 sulpure
942 3660 1047 3725 tuce:

360 3765 511 3832 'Aeueuu
532 3767 640 3832 auimo
663 3786 785 3847 unuque
807 3765 932 3847 diesque
953 3764 1057 3846 refert.

148 3887 354 3952 rectractetur
381 3887 513 3970 utraque
541 3887 700 3952 sententia
728 3885 761 3949 in
783 3887 924 3952 versibus
948 3886 1066 3951 duobus
1088 3883 1224 3964 interpo-

144 3984 230 4067 latis,
263 3991 316 4070 qui
338 3990 420 4055 inter
443 4010 491 4056 vr.
515 3991 687 4075 superiores
710 3990 822 4055 inserti
850 3989 980 4055 suntin
1003 3989 1019 4053 f
1028 3990 1181 4069 tuear2
1195 4001 1226 4067 ας

140 4086 193 4169 (in
216 4111 252 4177 g²
274 4091 308 4156 in
328 4091 468 4176 margine
491 4113 509 4159 a
530 4114 572 4159 m.
596 4095 646 4173 2):

358 4212 398 4280 Ut
414 4221 473 4295 piu
494 4215 628 4298 fumosis
650 4215 764 4278 additu
785 4218 860 4278 turc
882 4212 983 4295 rogia·

301 4317 427 4383 Acueus
448 4318 546 4385 oculis
569 4337 690 4402 occuper
712 4317 878 4404 vigilaretis
899 4313 1057 4382 indueret.
