2694 4658
621 296 841 404 ‚³⁸84-

197 489 347 571 quomodo
368 479 454 551 'enim
474 484 576 551 neutr.
598 483 682 567 plur.
704 482 833 548 disiecta
854 481 1056 566 appositionis
1078 481 1145 549 lom
1160 483 1272 548 referri

195 591 299 675 potest
321 588 360 654 ad
382 587 558 654 subiectum
579 586 616 651 id
637 605 675 652 ex
696 587 829 653 relativo
844 585 929 668 qood
943 583 1174 668 supplendum?
1197 605 1273 668 quas

196 692 333 776 ineptias
356 690 537 757 sublaturus
559 689 723 754 Palmerns
744 689 791 753 ita
812 688 1022 771 interpunxit:
1272 764 1273 769 ἵ

183 778 185 783 '
296 793 357 859 sea
378 792 460 872 mear
482 792 561 875 quea
577 791 705 874 proces
726 791 837 856 saera
858 791 990 858 coroa
1011 784 1137 858 reeca

344 896 439 975 ,Ilios
460 900 498 977 et,
521 915 632 960 mores
653 894 735 976 qaod
755 895 830 977 fuit,
852 913 914 960 csse
934 895 1063 959 sotem?

197 1003 262 1069 iam
284 1003 376 1066 verba
396 1001 423 1066 i
409 1005 444 1066 a
465 999 575 1083 iunges
598 999 673 1083 quid
688 998 814 1082 prodest
829 999 905 1065 Ilios
922 999 1050 1064 disiecta
1073 998 1168 1083 (sing.
1184 998 1272 1081 fem.)

197 1107 239 1172 et
251 1104 293 1183 id,
317 1103 397 1186 quod
419 1122 527 1168 murus
549 1102 622 1181 fuit,
646 1120 713 1168 esse
728 1103 839 1168 solum.
863 1100 984 1183 quod
960 1121 986 1166 sr
1001 1101 1181 1185 probamus,
1204 1108 1271 1167 mo'·

196 1208 279 1274 lesta
300 1207 443 1273 existite
445 1209 514 1270 truc
514 1209 626 1271 t-urae
615 1205 864 1282 inconcinnitas,
889 1223 960 1268 oum
983 1223 1079 1269 unum
1096 1203 1271 1270 subiectum

198 1310 242 1376 sit
262 1311 350 1376 subet
351 1310 492 1375 antinum
517 1328 589 1374 cum
610 1310 657 1374 att
644 1308 779 1387 tributa
816 1309 960 1373 alterum·
980 1307 1175 1374 accusativus
1203 1328 1272 1374 oum

99 1472 102 1490 ,
199 1413 364 1479 infinitivo.
389 1412 638 1494 quamobrem,
614 1432 640 1477 s1
659 1411 786 1477 edemus
800 1412 961 1490 Heroides,
984 1429 1044 1476 non
1060 1411 1273 1477 dubitabimus

202 1515 349 1582 hocloco
371 1516 467 1582 missa
496 1515 610 1581 codicis
633 1513 661 1581 G
689 1514 931 1598 interpolatione
963 1514 1160 1596 apertissima
1187 1534 1272 1581 reuo-

202 1638 272 1686 care
294 1622 479 1704 scripturam
502 1620 710 1686 recentiorum
732 1619 874 1685 codicum
896 1617 1102 1701 plurimorum
1124 1636 1273 1684 consensu

202 1721 370 1790 traditam:
397 1723 480 1804 qood
505 1723 571 1805 fcit
598 1727 672 1789 oete
693 1723 814 1802 solum,
847 1723 884 1788 ut
916 1721 1012 1787 verba
1045 1722 1091 1787 ita
1113 1721 1179 1787 sint
1203 1740 1273 1788 ecn-
1316 1714 1318 1718 ’

202 1827 364 1892 struenda:
399 1826 473 1908 quid
502 1825 581 1890 mihi
608 1826 733 1909 prodest
755 1824 832 1890 Ilios
861 1825 990 1890 disiecta
1013 1829 1044 1890 et
1066 1826 1169 1891 solum
1192 1824 1273 1907 quod
1338 1898 1339 1903 ἵ

191 1929 296 2000 antea
317 1948 426 1995 murus
449 1928 518 1996 fuit.
542 1931 605 1995 iam
627 1928 777 1994 habemus
798 1947 854 2012 pro
877 1929 1026 1994 subiectis
1049 1929 1109 1994 duo
1124 1930 1270 1994 substan·

202 2032 269 2098 tiva
291 2050 361 2112 oum
384 2032 503 2098 duobus
526 2031 699 2097 attributis.
723 2067 764 2079 -
787 2031 865 2096 item
886 2031 911 2094 Ι.
933 2031 975 2097 62
999 2049 1112 2110 uereor,
1137 2051 1175 2096 ne
1190 2032 1273 2097 Mer·

199 2135 305 2203 relius
327 2136 392 2201 cod.
417 2134 445 2201 G
467 2135 551 2202 iusto
572 2137 643 2219 plus
658 2134 834 2201 indulserit.
857 2133 940 2200 haud
956 2135 1049 2218 dubie
1064 2133 1149 2199 enim
1165 2135 1275 2200 chono

205 2243 350 2303 aoooto
371 2239 593 2322 interpolatum
615 2239 664 2304 est
685 2256 722 2304 er
743 2256 773 2304 v.
799 2239 843 2304 20
875 2257 954 2302 cora
985 2242 1139 2303 uocato.
1163 2256 1276 2302 occare

206 2339 350 2406 chortam
364 2343 469 2409 eodem
484 2361 577 2409 sensu
592 2345 684 2426 atque
699 2341 829 2408 scribere
850 2342 1025 2408 adhibitum
1047 2343 1129 2424 apud
1151 2343 1273 2409 nullum

123 2488 125 2493 «
206 2445 331 2510 omnino
354 2447 536 2531 scriptorem
557 2445 694 2512 latinum
715 2445 890 2524 invenitur3
924 2464 981 2510 nec
1009 2465 1125 2509 oooore
1146 2465 1201 2531 pro
1225 2465 1275 2529 sy-

201 2566 335 2632 nonymo
363 2552 447 2618 verbi
476 2549 595 2615 oreada·
623 2550 679 2634 (=
701 2549 878 2634 exorandi)
913 2550 1019 2616 haberi
1051 2553 1171 2633 potest,
1207 2569 1275 2615 cum

204 2648 320 2734 ubique
340 2652 516 2718 iterationis
539 2653 654 2718 habeat
676 2653 845 2718 notionem.
881 2653 1083 2734 quamobrem
1110 2671 1183 2718 cum
1205 2653 1274 2717 Pal-

204 2771 289 2819 mero
309 2758 482 2822 revocanda
503 2757 597 2822 lectio
619 2756 830 2823 recentiorum
853 2757 1009 2822 codicum:
1032 2755 1144 2822 chamo
1159 2759 1275 2821 amoto.

204 2891 247 2907 -
275 2857 329 2923 IV.
354 2860 397 2924 80
417 2863 454 2927 de
476 2859 631 2926 scribendi
654 2859 731 2925 vitio
754 2860 955 2945 cogitandum
977 2859 1109 2925 uidetur.
1150 2901 1186 2911 -
1221 2859 1275 2925 IV.

206 2959 249 3024 84
271 2959 309 3040 G,
332 2981 424 3044 quem
447 2964 571 3029 secutus
593 2966 640 3029 est
663 2964 843 3046 Merkelius,
868 2964 901 3028 ni
923 2963 1015 3028 fallor
1037 2963 1276 3046 interpolatione

203 3062 336 3130 laborat.
365 3066 465 3131 multo
489 3067 572 3132 enim
594 3067 795 3134 verisimilius
817 3069 864 3134 est
885 3067 986 3146 iocor,
1011 3067 1092 3150 quod
1114 3069 1161 3134 est
1182 3067 1215 3131 in
1241 3091 1278 3142 ω,

205 3165 287 3232 inter
308 3167 356 3233 tot
386 3169 479 3234 verba
511 3170 643 3235 secunda
675 3190 805 3254 persona
839 3172 1020 3238 constructa
1053 3170 1215 3255 (recurvas
1237 3207 1278 3218 -

203 3272 387 3351 torques-
409 3282 492 3336 tenes
513 3309 554 3319 -
576 3274 668 3356 opas)
704 3276 736 3340 et
756 3274 900 3359 inprimis
922 3264 1160 3347 homoeoteleuti
1186 3291 1281 3339 causa

204 3371 237 3437 in
259 3374 352 3439 tertia
381 3377 412 3440 et
440 3379 528 3441 sexta
559 3377 750 3459 pentametri
782 3378 856 3444 sede
884 3378 1085 3450 usitatissimi
1118 3376 1152 3442 in
1185 3376 1280 3441 iuvas

205 3474 310 3559 (aoros
332 3515 373 3527 -
395 3481 487 3567 opos)
511 3482 667 3547 mutatum
690 3499 784 3564 quam
807 3481 962 3547 contraria
983 3480 1104 3545 ratione
1117 3482 1282 3563 peecatum

205 3597 282 3646 esse.
316 3584 487 3666 genuinum
508 3585 607 3669 igitur
630 3584 767 3662 videtur,
798 3584 879 3666 quod
901 3587 1067 3649 servarunt
1090 3581 1281 3648 recentiores

204 3683 293 3752 iibri:
329 3686 424 3753 tecet.
461 3724 499 3736 -
533 3689 631 3756 VL2
661 3689 798 3752 curante
820 3686 936 3751 autad
959 3686 1116 3753 scribendi
1143 3703 1282 3751 errorem

99 3825 101 3830 >
205 3792 262 3854 aut
284 3792 322 3856 ad
344 3792 564 3873 pronuntiandi
593 3792 749 3873 quandam
782 3788 1039 3855 consuetudinem
1072 3787 1283 3855 referendum.

96 3986 99 3992 Ι
207 3913 298 3959 -v.
324 3895 362 3958 17
390 3916 448 3961 cor
469 3897 690 3978 interpolatum
713 3897 768 3961 est.
875 3895 966 3960 v.43
1000 3897 1027 3960 si
1059 3890 1282 3975 sequimurG‚

205 4015 311 4062 versus
334 3998 418 4063 omni
441 4017 569 4066 caesura
591 4003 685 4064 caret.
720 3931 850 4061 —IX.
871 3997 916 4063 64
948 3997 1068 4080 quod
1059 4017 1094 4062 ru
1121 3994 1149 4059 G
1176 3997 1284 4060 extare

206 4099 358 4181 uidimus,
391 4102 521 4167 ridicula
553 4102 599 4166 est
632 4102 808 4167 coniectura
841 4100 960 4166 librarii
995 4100 1045 4165 vel
1078 4098 1285 4183 grammatici

206 4204 368 4285 cuiusdam
395 4204 637 4289 amplitudinem
658 4206 803 4271 Herculis
832 4223 925 4303 quam
954 4204 1136 4290 gravissime
1158 4205 1285 4287 poterat

208 4306 372 4390 depicturi.
406 4306 483 4373 item
505 4309 688 4375 manifestae
716 4308 834 4375 fraudis
857 4311 906 4375 est
927 4307 956 4374 G
980 4307 1106 4387 v.147;
1129 4309 1287 4373 corrector
