2694 4658
639 309 851 375 ..pg-

636 484 639 489 ’
689 497 808 564 xuni.
904 452 908 457 ’

203 606 288 672 Naso
311 604 487 670 Leandrum
511 604 640 669 damnat
661 601 831 667 amandum
854 602 951 665 sicet
974 602 1012 665 ad
1039 601 1123 666 Hero

206 707 360 774 Transeat
382 708 538 773 hortatur:
560 709 583 787 †
605 707 692 771 notat
716 705 776 781 hic,
800 704 874 786 quia
895 704 994 769 cernit
1016 722 1164 770 amorem,

743 843 782 908 X.

203 950 364 1035 Cydippen
386 953 408 1033 †
430 950 519 1033 gerat
543 949 580 1012 ut
601 843 877 1013 oravitxrltconttus
900 949 984 1010 oret:

202 1054 297 1119 Hunc
319 1054 448 1119 damnat
470 1053 564 1132 Naso,
587 1053 732 1134 quoniam
755 1050 879 1132 decepit
902 1054 1045 1116 amicam.

202 1294 318 1361 Narrat
341 1294 486 1379 Cydippe,
511 1311 587 1378 quae
610 1189 866 1377 scriptaxjiecepit
888 1296 1040 1359 ementis:

202 1398 304 1480 Quam
327 1398 472 1464 timidam
496 1398 607 1481 carpit,
631 1399 739 1463 timuit
763 1399 844 1481 quia,
868 1397 960 1464 Naso.

303 1613 405 1668 XVIII.
427 1619 440 1665 1
459 1629 475 1667 a
492 1614 556 1667 hero
576 1628 605 1682 g,
625 1641 657 1650 -
676 1612 749 1666 XIX.
769 1619 781 1665 1
803 1612 927 1683 Cidipem
946 1631 971 1681 v,
991 1631 1014 1682 c,
1047 1615 1180 1684 Ciclopem
1200 1633 1230 1685 g,
1252 1648 1284 1658 —

201 1702 324 1756 aconcins
342 1717 368 1768 r,
389 1717 417 1769 g,
438 1715 463 1768 c,
483 1728 515 1739 -
535 1705 550 1752 2
570 1698 670 1768 decipit
689 1715 717 1768 g,
738 1729 771 1738 -
789 1699 847 1753 XX.
868 1704 881 1752 1
902 1699 1006 1769 cidippe
1025 1716 1064 1769 g,.

302 1943 498 2025 Quamquam
521 1961 612 2008 nemo
635 1961 700 2008 non
723 1943 809 2006 videt
823 1943 898 2008 haec
913 1946 1096 2026 argumenta
1111 1946 1285 2014 miserrimi

148 2065 151 2072 ’
202 2067 278 2132 opus
302 2067 366 2112 esse
390 2046 561 2122 semideis,
597 2050 701 2110 tamen
724 2065 801 2123 qnae
823 2049 996 2112 accuratius
1019 2051 1210 2127 tractentur,
1250 2071 1285 2116 ea

201 2153 239 2218 de
262 2169 356 2216 cansa
378 2152 474 2234 dIgna
497 2153 587 2227 sunt,
622 2149 703 2232 qnod
727 2152 758 2213 ct
773 2150 887 2233 ,colligi
909 2152 1012 2233 potest
1034 2170 1070 2215 ex
1093 2151 1152 2230 iis,
1187 2173 1283 2236 qnam

199 2255 280 2321 mira
295 2255 371 2320 olim
381 2253 580 2337 grammatici
593 2256 631 2319 de
646 2253 818 2319 Heroidum
832 2253 936 2320 indole
949 2255 1137 2337 protulerInt
1152 2258 1280 2341 indicia,

199 2363 230 2425 et
252 2359 292 2424 iie
315 2359 455 2423 servatae
478 2357 626 2423 videntur
649 2356 865 2422 commentarii
887 2357 1049 2423 cuiusdam
1070 2360 1105 2423 in
1126 2361 1281 2427 Heroides

197 2462 362 2545 reliquiae,
398 2462 485 2527 cuius
513 2461 576 2526 alia
605 2461 699 2526 etiam
722 2463 829 2526 extant
859 2461 999 2545 vestigia.
1038 2463 1162 2528 exhibet
1196 2469 1281 2533 enim

198 2567 264 2631 cod.
288 2584 322 2650 v,
346 2565 484 2648 copiosas
506 2569 760 2646 argumentorum
784 2566 990 2630 enarrationes
1013 2568 1176 2648 prosaicae,
1203 2590 1282 2654 quae

198 2671 339 2751 apertam
367 2686 441 2752 prae
469 2686 502 2732 se
525 2667 631 2732 ferunt
654 2685 724 2732 cum
747 2669 942 2751 argumentis
965 2670 1104 2734 metricis
1127 2672 1282 2740 adfinita-

199 2772 274 2837 tem.
313 2771 378 2835 iam
403 2788 454 2835 eas
476 2772 580 2854 partes
603 2772 804 2836 metricorum
826 2775 858 2836 et
880 2772 994 2837 coticis
1017 2791 1050 2860 r5
1074 2782 1280 2856 argumento-

195 2892 276 2954 rum,
301 2892 379 2956 quae
402 2875 462 2940 huc
484 2875 653 2957 pertinent,
677 2874 761 2940 inter
784 2894 817 2940 se
841 2893 1063 2958 comparemus.

231 3065 475 3147 Argumenta
497 3065 675 3129 metrica.
733 3092 735 3169 p
779 3065 1024 3149 Argumenta
1048 3068 1197 3132 codicis
1221 3091 1266 3157 ug.

260 3182 287 3246 Ι.
318 3182 350 3246 2.
389 3185 490 3261 Quom
518 3183 609 3248 Nuso
642 3172 735 3277 lou-i
828 3185 948 3251 Auctor
974 3207 1043 3251 uero
1068 3187 1206 3251 decedit
1231 3193 1282 3272 o'p·

194 3285 281 3362 dod,¹
303 3289 476 3349 castum
510 3286 586 3367 puio
618 3280 734 3393 ducit}
763 3306 833 3351 som
871 3290 1071 3374 (Penelopen)
1109 3295 1138 3353 et
1174 3311 1281 3358 oenucs

194 3407 368 3452 umorem.
732 3406 735 3487 t
763 3392 971 3457 coosioco'lcsu
984 3393 1279 3476 lepitimoctcoeto

731 3492 734 3565 i
763 3515 895 3560 umore
918 3496 1139 3583 commendere.

257 3662 300 3726 ΙΙ.
317 3662 347 3727 2.
367 3663 470 3744 Quom
488 3671 564 3745 puio
586 3663 708 3728 stulte
730 3570 733 3699 ι
827 3667 967 3731 Intentio
996 3670 1135 3733 cummis
1163 3675 1208 3734 est
1232 3647 1280 3752 ip

192 3764 706 3848 omotdc‘ac‘tculicorpcoaNuso.
761 3788 830 3834 euru
847 3770 1018 3856 (Phyllida)
1035 3771 1155 3836 stulti
1177 3793 1280 3837 umo-

760 3872 819 3936 ris
840 3872 1068 3954 reprehendere.

221 4063 224 4072 ·
255 4039 310 4103 IV.
326 4041 357 4104 2.
380 4037 527 4104 Domuot
542 4041 632 4105 Naso
644 4062 706 4123 per
727 3934 730 4105 2
820 4044 959 4110 Intentio
968 4048 1106 4112 aecimis
1116 4051 1160 4112 cst
1172 4049 1280 4129 ipsum

190 4139 272 4206 hooc
294 4141 429 4208 iuaestus
450 4141 506 4207 ute
523 4142 660 4224 pacilus.
761 4147 960 4231 (Phaedram)
974 4149 1083 4216 illicito·
1097 4155 1125 4215 ct
1139 4151 1280 4232 nefandi
1298 4190 1302 4198 ·

758 4249 880 4315 scetem
895 4271 1027 4331 urguere
1040 4257 1068 4318 ct
1083 4273 1191 4319 conces
1204 4277 1281 4322 coo·

759 4355 885 4420 umido.
