2694 4658
642 293 849 357 ..16-

35 475 187 581 {223¹}ss
299 480 330 544 4.
354 478 456 545 Codex
478 479 816 565 Guelferbytanus
838 483 1002 565 quartus
1022 483 1116 564 (llud.
1135 480 1213 562 297)
1229 483 1278 547 est

93 587 135 638 (ει)
197 581 452 648 membranaceus
474 602 498 648 s.
510 582 578 648 XV.
596 585 628 648 in
652 602 711 668 quo
735 585 935 651 describendo
957 584 1015 650 lac.
1040 586 1123 650 Frid.
1140 585 1276 650 Heusin-

197 703 308 770 gerum
330 704 440 770 sequor
450 684 500 770 ¹⁰),
524 688 610 752 cuius
633 688 730 753 etiam
752 688 916 754 collatione
931 708 1004 753 usus
1020 707 1101 753 sum.
1126 688 1276 770 scriptum
1298 689 1300 693 ’

198 807 263 855 esse
286 790 367 857 huno
389 790 507 855 librum
529 791 563 855 in
585 791 681 857 Italia
704 791 916 876 colligendum
931 792 1055 857 videtur
1071 810 1106 856 ex
1121 793 1276 874 epigram-

197 897 281 958 mate
303 893 376 958 hoc:
409 892 484 958 Viro
511 894 765 976 Iaeomparabe'le‘
792 893 931 960 Domiao
954 893 1125 960 Domestica
1150 893 1277 957 Melino

198 995 347 1063 senatori
362 996 482 1063 Verecto.
501 1000 588 1081 Quas
602 999 659 1062 tibi
674 1018 838 1064 sacramus
854 1003 965 1064 octcrcs
979 997 1148 1080 Heroides
1161 996 1275 1078 Heras,

198 1100 248 1164 Ne
270 1100 368 1165 almis
390 1121 411 1165 a
433 1101 518 1166 caris
546 1101 732 1182 distiacurc,
762 1102 835 1187 lcpc.
877 1101 1003 1168 Scilicet
1024 1101 1149 1166 Heroas
1175 1100 1276 1164 abacis

197 1204 373 1285 mneritas,
396 1209 430 1268 at
451 1225 516 1269 aaa
537 1204 679 1270 Heroum
700 1206 804 1286 cittis,
827 1207 904 1271 dara
931 1206 1007 1289 lepis
1032 1205 1117 1283 hacc,
1143 1210 1273 1285 caperis.

197 1305 378 1372 Baltbasur
398 1307 591 1390 Bonifacias
613 1309 755 1374 Taroiso'i
777 1309 883 1376 XIII.
909 1306 977 1376 aab.
1000 1309 1084 1375 Scae.
1110 1311 1202 1374 1663.
1238 1307 1276 1370 de

198 1412 398 1495 inscriptione
414 1412 587 1477 Heroidum
601 1412 816 1496 Heusingerus
841 1413 922 1478 nihil
937 1415 1177 1495 commemorat3
1199 1411 1275 1474 sub-

199 1515 327 1596 scriptio
355 1515 432 1579 haee
458 1514 631 1581 invenitur:
660 1517 695 1581 P.
709 1516 743 1581 0.
758 1517 797 1581 N.
822 1517 948 1583 Llssloh
975 1512 1276 1582 EPISTOLARVM

202 1616 289 1682 llll·
316 1616 527 1696 EXPLICIT,
552 1638 629 1701 quae
651 1637 713 1684 non
736 1621 840 1685 minue
863 1622 912 1685 est
935 1618 1156 1694 memorabilia,
1181 1636 1276 1701 quam

199 1738 236 1785 ea
264 1738 341 1802 quae
369 1721 440 1802 post
469 1739 515 1802 ep.
539 1721 577 1785 X.
601 1722 731 1806 legitur:
755 1721 882 1805 Ecptic
906 1723 1028 1804 decipit
1049 1722 1121 1786 ΙΠ.
1150 1720 1276 1786 Canace

200 1822 352 1888 Macareo
367 1821 447 1887 liber
461 1822 511 1888 II.
528 1827 567 1889 ad
590 1827 754 1909 utramque
777 1826 858 1891 infra
880 1826 995 1891 redibit
1018 1842 1128 1891 sermo.
1152 1823 1274 1888 omittit

199 1927 250 1992 hic
272 1927 366 2006 liber,
391 1928 444 2010 qui
467 1926 723 1994 membranarum
745 1931 892 2008 candore,
916 1929 1072 1995 munditia
1094 1927 1276 2011 scripturae,

199 2029 371 2095 initialium
394 2033 574 2097 auratarum
596 2032 760 2115 splendore
783 2033 947 2117 insigniter
963 2035 1063 2098 nitere
1079 2031 1202 2109 dicitur,
1226 2049 1276 2095 vv.

201 2152 270 2216 epp.
287 2133 325 2198 Il.
344 2134 458 2200 18.19.
475 2135 544 2201 XV.
561 2137 726 2214 39-1423
749 2137 901 2220 epistulae
916 2137 975 2200 XX
990 2154 1062 2202 uero
1078 2155 1128 2200 vv.
1148 2133 1276 2199 1-144

201 2237 335 2305 exhibet.

39 2365 192 2462 71317107ογ1-
305 2361 334 2425 5.
380 2360 481 2427 (lodex
519 2360 853 2446 Guelferbytanus
890 2362 1053 2447 quintus
1089 2361 1120 2425 in
1160 2358 1277 2423 chartis

64 2421 143 2524 Ἢ
176 2448 230 2528 ἐι.
256 2464 338 2529 1466
367 2467 499 2548 scriptus
528 2485 564 2530 ex
593 2465 733 2549 auctione
763 2467 916 2531 librorum
939 2464 1085 2530 Seriverii
1107 2464 1141 2527 in
1163 2463 1278 2528 biblio-

201 2566 326 2632 thecam
341 2567 621 2653 Guelferbytanam
643 2568 786 2652 pervenit
808 2571 840 2634 et
862 2589 933 2635 oum
956 2587 1028 2633 casu
1050 2568 1168 2632 factum
1185 2567 1275 2642 essct,

201 2671 319 2735 utnon
342 2672 560 2737 inscriberetur
583 2692 601 2738 a
623 2671 882 2749 bibliothecariis,
917 2672 956 2738 ad
978 2672 1057 2736 viles
1081 2671 1203 2735 chartas
1226 2688 1278 2732 re-

199 2773 298 2839 iectus
321 2778 353 2839 in
376 2779 488 2859 angulo
512 2775 645 2859 quodam
665 2776 761 2842 latuit
776 2795 830 2858 per
846 2777 972 2858 longam
988 2791 1138 2839 annorum
1154 2771 1276 2850 seriem,

202 2879 297 2944 donec
325 2879 406 2943 circa
434 2898 551 2945 annum
574 2879 658 2944 1774
681 2897 700 2945 a
722 2878 879 2963 Lessingio
907 2878 1048 2960 repertus
1077 2877 1108 2941 et
1131 2878 1170 2941 ad
1192 2875 1276 2941 Heu-

201 2979 362 3066 singerum
384 2981 585 3047 transmissus
609 2984 671 3059 est,
706 2982 795 3048 ouius
828 2983 860 3046 et
882 2980 1086 3064 descriptione
1109 2997 1182 3044 usus
1206 2997 1277 3042 snm

201 3086 233 3150 et
255 3086 426 3151 collatione.
450 3087 498 3150 est
519 3085 617 3169 igitur
640 3089 731 3151 codex
752 3087 845 3165 idem,
868 3086 923 3166 qui
945 3086 983 3149 ab
999 3084 1127 3149 Heinsio
1151 3084 1182 3146 et
1196 3081 1277 3144 Bur·

200 3206 315 3253 manno
331 3188 542 3255 Seriverianus
565 3189 615 3253 vel
635 3188 814 3253 chartaceus
831 3188 976 3253 Scriverii
992 3187 1177 3272 appellatur.
1203 3203 1277 3249 con-

201 3293 283 3357 tinet
317 3282 426 3358 a'utem
458 3293 582 3375 praeter
605 3292 756 3357 Heroides
785 3294 987 3374 epistularum
1009 3291 1184 3356 Phalaridis
1206 3308 1278 3354 ver·

202 3396 320 3462 sionem
342 3395 475 3461 latinam
498 3414 516 3460 a
539 3395 695 3461 Leonardo
712 3397 841 3461 Aretino
865 3395 1035 3462 confectam
1050 3395 1165 3477 partim
1181 3392 1278 3458 colla-

201 3501 270 3565 tam
293 3518 364 3563 cum
387 3499 523 3564 editione
545 3501 682 3582 quadam
709 3501 859 3582 impressa
889 3518 968 3564 anno
996 3498 1075 3563 1607
1100 3497 1276 3575 vetustiori,

202 3603 371 3686 epistulam
393 3602 533 3685 Sapphus
561 3601 724 3685 (Epistola
749 3601 864 3684 sapbos
889 3602 933 3665 ad
955 3601 1111 3682 pbaorecra
1135 3604 1279 3664 amatura

202 3727 294 3772 saara
309 3707 456 3788 caepit),
480 3708 626 3786 Amores,
650 3705 819 3788 epistulam
842 3704 975 3769 Antonii
996 3703 1215 3770 Panormitani
1238 3705 1278 3767 ad

203 3810 374 3877 hamorem·
402 3810 551 3875 ultimum
573 3809 675 3874 locum
698 3810 840 3874 obtinent
854 3809 1004 3874 Heroides
1027 3807 1072 3873 ita
1087 3808 1275 3889 inscriptaer

306 4063 338 4130 ¹⁰)
362 4060 508 4115 Heroidum
534 4059 726 4115 Ovidiauarum
749 4059 947 4114 emendationes
971 4060 1223 4131 Guelpherbytanae
1242 4062 1278 4116 ad

202 4147 366 4215 Harlesium,
384 4147 415 4202 V.
428 4146 457 4203 (1.
476 4147 504 4199 in
522 4146 554 4201 G.
568 4145 599 4198 ll.
617 4144 750 4214 lessingii
775 4145 843 4212 ,Zur
861 4146 1022 4202 Gesohiehte
1039 4147 1095 4201 und
1113 4147 1275 4204 Litteratur.

204 4237 261 4289 dus
278 4235 329 4291 den
348 4234 478 4289 Schttnen
495 4232 542 4287 der
558 4231 675 4301 herzogl.
694 4231 849 4287 Bibliothelr
869 4249 901 4286 zu
920 4231 1142 4288 Wolfenbrittel“.
1173 4233 1280 4289 Dritter

201 4320 323 4391 Beitrag.
342 4319 494 4390 (Brunsrig.
515 4321 602 4388 1774.)
620 4337 646 4391 p.
667 4323 775 4375 1-112.
