2694 4658
562 316 793 381 -107-

139 503 268 585 ‚Nestis
291 505 388 570 scissa
411 504 555 570 humeros
578 503 676 570 flavos
699 504 824 586 delapsa
846 504 1012 587 relinquat,

183 605 319 687 „Tutius
341 611 377 672 at
401 606 514 674 feriant
536 609 662 692 pectora
683 607 798 673 blanda
821 602 940 674 manus.

139 710 270 792 „Sacas
293 728 400 794 sperne
423 712 540 789 domos,
563 711 691 776 miseros
713 709 909 796 gemebunda
932 711 1064 776 Penates

183 814 319 894 „Desere
342 812 486 880 Cretensi
508 816 583 879 nata
604 814 660 879 suh
683 831 738 879 axe
760 813 853 879 Iovis.

140 919 242 1000 „Quid
265 916 353 995 facis,
377 936 394 983 o
417 914 565 982 demens?
586 921 724 984 nondum
746 917 805 983 tihi
828 917 921 982 rerba
943 917 1064 1000 puellae

183 1019 360 1106 „Cognital
383 1019 549 1105 praecipiti
571 1023 673 1086 strata
695 1019 836 1103 relinque
859 1021 968 1105 gradu.

142 1123 264 1208 „Surge
287 1129 353 1191 tero
375 1124 628 1206 vitamquetene
650 1125 776 1190 deserta
798 1124 919 1202 marito,

183 1227 311 1307 „Sidera
333 1228 383 1294 oui
406 1227 520 1293 cedunt
542 1227 626 1293 victa
648 1228 747 1292 nitore
769 1228 828 1292 sui.

143 1332 204 1412 „Et
226 1330 322 1397 simul
344 1330 510 1414 impatiens
534 1329 651 1396 nitidos
674 1331 799 1396 horrore
821 1330 950 1413 capillos

183 1435 335 1516 „Dividet
358 1451 431 1499 nam
454 1434 548 1499 vidua
570 1452 602 1499 es
625 1431 734 1499 Cressa
756 1433 866 1499 relicta
888 1436 964 1500 viro.

141 1539 227 1618 „Ivit
249 1539 288 1604 ad
310 1540 471 1604 umbrosos
495 1538 595 1604 saltus
618 1537 776 1621 silvasque
797 1539 939 1621 patentes

185 1641 348 1727 „Nescius
372 1643 408 1706 ut
430 1641 584 1726 nymphae
606 1641 685 1707 retia
708 1643 795 1707 tensa
818 1644 936 1725 parent,

141 1744 303 1825 „Nescius
327 1747 363 1810 ut
386 1745 485 1811 Fauni
508 1743 637 1810 cristato
659 1743 775 1811 vertice
798 1745 937 1827 captent,

183 1849 288 1929 „Quos
310 1850 400 1915 decor
421 1848 561 1914 orisonus
583 1866 637 1930 per
660 1848 735 1930 iuga
757 1866 881 1914 summa
903 1849 1002 1927 oanit3

137 1951 353 2037 „Ignarusque
375 1952 499 2031 iterum,
523 1951 650 2034 laqueos
674 1952 749 2034 quot
770 1951 932 2018 montibus
955 1951 1072 2020 addant

184 2054 368 2134 „Interdum
393 2040 803 2138 Dryades'monticolaeque
826 2056 891 2133 dei3

140 2158 355 2247 „ignarusque
379 2158 484 2232 etiam,
509 2175 670 2224 nemorum
692 2158 773 2241 quod
797 2159 933 2224 claustra
954 2177 1083 2242 pavores

183 2261 389 2348 „Iniuugant
412 2261 537 2345 propria
558 2261 630 2327 sede
653 2261 807 2346 superbus
832 2261 910 2329 abit.

142 2363 229 2443 „Neo
249 2364 372 2450 fugiens
394 2382 533 2448 unquam
555 2365 712 2431 Phaedrae
734 2365 880 2432 recitavit
902 2384 1022 2432 amores

185 2467 273 2547 „Nec
294 2467 452 2533 Phaedrae
473 2467 591 2534 mansit
613 2485 724 2534 nomen
746 2468 780 2533 in
803 2486 854 2534 ore
876 2487 940 2535 suo.

141 2574 330 2653 „Immemor
352 2573 385 2637 at
407 2571 517 2637 furtim
540 2573 641 2637 ventis
664 2571 753 2639 velut
773 2574 861 2638 actus
883 2572 1000 2656 iniquis

183 2675 351 2770 „Deseruit
372 2675 490 2741 volucri
513 2676 596 2741 tecta
618 2676 749 2758 paterna
771 2675 857 2758 pede.

142 2778 278 2858 „Nullae
300 2776 393 2843 illum
415 2778 524 2844 flexere
547 2797 662 2860 praece,
686 2797 741 2845 ceu
764 2779 862 2844 ferrea
884 2778 980 2845 ferret

184 2882 346 2960 „Pectora
370 2899 427 2948 ceu
450 2883 607 2966 premeret
630 2882 722 2949 cerda
743 2882 877 2967 superba
899 2881 988 2949 silex.

142 2985 280 3066 „Nullus
304 3003 390 3052 amor
412 2985 511 3052 morit
533 2985 713 3070 praecordia
737 2987 816 3052 dura
837 3004 895 3052 nec
917 2987 1000 3052 ullus

185 3090 231 3168 „E
255 3089 345 3155 sociis
369 3089 480 3166 tenuit,
505 3106 577 3154 cum
599 3108 654 3155 sua
677 3093 766 3175 terga
789 3091 886 3155 daret.

142 3191 189 3274 „O
213 3209 306 3276 quam
330 3192 420 3258 triste
443 3192 530 3258 nefas
554 3210 708 3275 quamque
730 3193 788 3258 hoc
810 3193 989 3260 miserabile
1012 3196 1133 3275 uulnus,

185 3295 338 3387 „Decidat
360 3299 395 3359 ut
417 3296 519 3379 pietas
542 3295 630 3360 corde
652 3296 779 3379 tepente
802 3296 876 3362 visit

143 3398 278 3479 „Pulcer
300 3400 388 3465 adest
410 3399 531 3465 cunctis
555 3399 639 3464 certe
663 3398 848 3482 spectandus
871 3401 904 3464 in
927 3402 1000 3479 oris,

183 3501 347 3584 „Crudelis
369 3503 476 3567 tamen
499 3502 557 3578 est,
582 3501 609 3567 si
632 3501 707 3568 licet
729 3503 791 3567 ista
814 3504 910 3586 loqui.

143 3605 250 3690 „Haeo
274 3605 380 3670 nutrix
401 3606 460 3670 tihi
483 3604 544 3671 lida
566 3623 691 3689 queror:
715 3624 765 3670 me
788 3607 896 3689 sponte
919 3607 1030 3672 reterre

184 3707 301 3789 „Haud
324 3708 458 3793 cogites:
483 3726 571 3774 casus
593 3711 653 3774 iste
678 3709 826 3774 tacendus
850 3710 925 3773 erat.

94 3816 98 3825 '
140 3811 340 3891 „Adstrinxit
361 3831 412 3876 me
435 3811 534 3877 dulcis
558 3829 658 3890 amor3
683 3813 710 3877 si
733 3830 806 3877 vera
828 3810 921 3879 fateri

185 3914 303 3996 „Posse
326 3913 427 3991 datur,
451 3916 554 3980 luctus
578 3917 697 3982 viscera
720 3916 826 3981 nostra
848 3919 994 3999 premunt

141 4018 203 4097 „lit
225 4016 312 4081 dolor
333 4017 492 4099 intorquet
515 4017 687 4100 penetralia
709 4018 822 4084 mentis
845 4020 987 4084 adustae:

185 4120 251 4199 „Ut
274 4121 383 4185 sileam
406 4123 516 4186 suadet
538 4120 592 4186 sed
614 4123 722 4187 tamen
745 4121 845 4188 almos
868 4123 973 4188 honor.

141 4221 284 4303 „Ounma
305 4240 412 4308 premo
434 4225 575 4305 interius,
600 4224 679 4290 nulli
704 4227 823 4291 secreta
844 4226 1007 4308 patebunt,

184 4326 291 4408 „Dum
314 4326 397 4393 calor
419 4327 475 4393 hoc
498 4327 597 4393 aderit
619 4344 741 4413 corpore
764 4329 921 4396 turbineo.
