2694 4658
575 313 781 378 „37-

139 502 238 569 100100
262 519 338 566 esse.
369 520 462 583 qnare
486 502 523 566 iis
546 503 593 568 uti
616 503 689 568 lieet
712 504 744 567 in
768 505 870 568 textus
892 504 1024 570 historia
1040 506 1216 587 antiquitus

142 606 319 687 repetenda.
358 606 538 669 exciderunt
565 606 663 702 igitur
694 607 725 670 hi
755 626 861 671 versus
883 608 948 672 iam
971 613 1043 672 ante
1066 626 1147 674 seeo.
1172 610 1218 674 IX

143 709 309 791 extititque
331 709 489 793 exemplar
512 708 717 775 decurtatum.
742 731 776 775 01
799 728 857 793 qno
881 712 934 792 qui
957 712 1058 776 adhue
1072 713 1220 779 innotue-

143 816 219 877 runt
241 812 315 876 libri
337 811 450 876 fluxere
472 812 512 876 ad
534 832 631 876 unum
655 832 768 878 omnes.
799 816 857 877 1100
880 815 1126 899 enimtempore
1150 819 1222 883 nul·

144 917 213 981 lum
235 918 378 982 novimus
400 916 514 981 librum
539 937 615 994 ms,
651 918 704 999 qui
738 924 905 1000 utrumque
929 938 1074 985 versuum
1096 921 1222 987 illorum

146 1039 257 1101 corpus
280 1019 425 1084 exhibeat
446 1020 501 1084 sed
524 1022 556 1084 in
579 1020 767 1086 editionibus
791 1024 913 1086 tantum
936 1043 959 1087 s.
984 1024 1043 1088 XV
1066 1024 1224 1108 leguntur.

147 1143 247 1206 neque
281 1125 388 1211 10111011
421 1124 531 1188 harum
561 1123 735 1190 editionum
766 1130 869 1190 textus
892 1127 1053 1191 universus
1076 1127 1166 1193 fluxit
1189 1149 1225 1192 ex

148 1227 228 1292 libro
250 1227 385 1310 integro,
407 1228 462 1292 sed
485 1227 657 1310 descriptae
681 1233 755 1293 sunt
779 1249 815 1294 ex
831 1231 1000 1312 exemplari
1016 1231 1175 1296 decurtato
1192 1234 1224 1295 et

149 1351 256 1397 versus
279 1331 328 1395 illi
351 1352 387 1396 ex
409 1332 532 1414 integro
555 1332 701 1414 suppleti.
742 1333 822 1416 quod
853 1353 924 1397 eum
956 1333 1050 1398 eertis
1073 1335 1226 1399 evincitur

150 1436 342 1518 argumentis
365 1457 381 1500 e
404 1439 507 1501 textus
530 1437 708 1501 condicione
731 1437 918 1519 repetendis,
942 1439 1012 1502 tum
1035 1439 1225 1503 011101Ρο1-

150 1541 335 1621 11101101010.
361 1541 456 1623 1477)
493 1541 613 1623 ipsein
636 1540 767 1623 registro
801 1542 944 1606 editionis
977 1540 1157 1622 profitetur,
1194 1543 1226 1605 in

152 1662 214 1726 quo
237 1642 311 1709 haee
334 1646 453 1710 extant:
476 1645 637 1710 heroidum
659 1645 737 1709 liber
758 1647 873 1709 001000
889 1645 924 1708 io
939 1665 998 1725 qao
1009 1637 1147 1726 plurimi
1162 1665 1229 1708 oer-

153 1768 208 1813 000
230 1748 334 1813 addidi
355 1768 393 1812 eoo
415 1741 635 1830 antiquissimo
659 1749 759 1812 codice
780 1747 953 1812 Proserto‘m
974 1752 1012 1812 ia
1027 1749 1231 1829 0010101000-

154 1852 239 1916 110110
271 1852 315 1916 od
347 1853 489 1918 10100010
520 1853 551 1916 ab
580 1854 615 1917 io
642 1852 771 1933 epistola
795 1851 951 1934 Cydippes
978 1853 1022 1916 od
1051 1854 1228 1918 donatiam.

156 1956 233 2039 quid
256 1957 293 2020 de
316 1955 536 2038 antiquissimo
558 1955 615 2020 illo
639 1956 741 2020 eodioe
764 1956 951 2020 censendum
978 1956 1035 2036 slt,
1070 1959 1121 2023 vix
1155 1976 1231 2039 opus

157 2066 205 2124 est
228 2061 266 2122 nt
287 2060 460 2125 moneatur.
500 2060 560 2124 fuit
583 2060 665 2125 enim
689 2060 771 2125 haud
795 2062 887 2125 dubie
910 2060 991 2126 liber
1013 2080 1038 2126 0.
1061 2061 1135 2136 XV,
1171 2062 1234 2127 for-

157 2164 244 2227 tasse
266 2162 424 2247 eleganter
446 2163 589 2246 scriptus.
624 2182 701 2246 quae
723 2166 760 2228 de
783 2164 848 2228 illis
866 2164 1058 2229 editionibus
1081 2165 1171 2229 modo
1187 2166 1235 2229 di·

158 2269 272 2346 ximus,
297 2268 405 2332 eadem
429 2267 545 2333 eadunt
567 2267 600 2331 in
623 2268 719 2334 libros
741 2268 830 2345 illos,
866 2267 919 2351 qui
943 2287 1012 2331 oum
1035 2287 1080 2350 ep.
1104 2270 1163 2334 XV
1186 2290 1235 2334 vv.

160 2372 311 2438 39-142
334 2371 498 2444 omittant,
522 2372 653 2437 ultimae
677 2372 830 2454 epistulae
853 2372 1001 2436 exhibent
1020 2393 1069 2436 vv.
1094 2373 1149 2436 aut
1174 2372 1236 2435 144

161 2477 217 2540 aut
239 2475 312 2540 248.
351 2475 446 2539 etiam
480 2475 512 2539 hi
546 2475 619 2539 libri
649 2475 687 2538 ad
710 2475 864 2555 exemplar
885 2475 1019 2539 redeunt
1041 2474 1237 2540 decurtatum

163 2581 308 2662 suppleta
330 2598 366 2643 ex
389 2579 558 2661 exemplari
582 2580 704 2663 integro
728 2578 865 2661 epistula
888 2577 1051 2662 Cydippes.
1084 2579 1170 2643 euius
1194 2580 1238 2643 rei

161 2690 236 2764 apto
253 2683 390 2765 exemplo
406 2684 479 2747 sunt
495 2683 645 2748 editiones
663 2683 807 2760 Venetae,
832 2700 909 2764 quae
924 2700 1029 2746 omnes
1048 2700 1144 2745 unum
1161 2702 1238 2747 eun·

164 2788 296 2868 demque
325 2789 556 2869 repraesentant
584 2786 701 2852 librum
724 2789 756 2851 et
777 2787 908 2869 pristina
938 2786 1117 2850 condicione
1154 2785 1238 2866 (edit.

165 2909 238 2956 anu,
264 2890 355 2968 1484,
383 2890 713 2974 1490,1492,1496)
749 2891 781 2954 01
811 2890 954 2971 suppleta
984 2908 1029 2971 ep.
1060 2888 1119 2952 XX
1154 2888 1240 2973 (edit.

167 2993 347 3073 111111414,
364 2994 455 3074 1486,
473 2994 768 3077 1489‚1492sqq.);
793 2995 930 3076 exemplo
954 2996 1001 3058 est
1024 2996 1118 3059 etiam
1133 2994 1198 3057 eod.
1215 2993 1242 3066 1,

167 3098 200 3162 in
224 3115 285 3179 quo
307 3114 401 3179 supra
423 3099 558 3164 vidimus
592 3101 694 3164 extare
728 3099 980 3182 supplementum
1008 3097 1102 3160 unius
1126 3098 1243 3161 0000011

167 3201 336 3267 intervallo
360 3202 487 3284 abipso
510 3203 597 3266 textu
620 3203 751 3268 distans.
789 3204 910 3285 iamque
939 3203 972 3264 in
995 3202 1160 3284 propatulo
1183 3202 1241 3276 001,

169 3305 323 3390 quomodo
346 3306 526 3387 explicanda
548 3305 591 3370 sit
614 3307 692 3371 mira
714 3305 772 3369 illa
794 3305 953 3387 inseriptio
977 3323 1024 3386 ep.
1047 3303 1121 3381 XX,
1140 3321 1245 3385 duam

169 3411 203 3474 in
232 3409 325 3474 huius
360 3409 480 3491 generis
514 3409 601 3474 libris
634 3409 754 3491 aliquot
785 3408 1042 3490 deprehendimus
1077 3414 1118 3493 (e,
1144 3426 1178 3492 v,
1200 3405 1247 3490 ρ);

170 3513 348 3578 Herodotum
372 3513 478 3579 Ovidii
499 3513 614 3577 altimo
636 3533 741 3582 roceas
762 3518 895 3594 reperte.
919 3513 1032 3576 incidit
1047 3512 1131 3576 enim
1146 3529 1249 3574 exem-

172 3619 244 3702 plar
266 3618 423 3700 integrum
445 3619 479 3681 in
501 3637 612 3683 manus
636 3617 785 3695 alieuius,
820 3618 873 3698 qui
895 3616 1072 3698 possidebat
1095 3613 1250 3695 exemplar

174 3722 385 3790 decurtatum.
410 3723 558 3804 quicum
582 3742 629 3804 ep.
653 3721 712 3787 XX
734 3721 853 3787 videret
875 3708 979 3784 extare
1001 3720 1165 3802 integram,
1192 3716 1250 3779 hoe

174 3828 303 3892 inuento
326 3828 451 3912 gavisus
473 3828 507 3891 in
536 3845 629 3891 snum
663 3826 820 3907 exemplar
855 3825 1076 3907 transscriptae
1109 3821 1250 3903 praefixit

175 3932 307 3996 titulum
330 3931 431 3995 illum.
466 3931 772 3995 commemorandum
795 3932 901 3993 autem
925 3947 961 3991 ex
986 3925 1152 4008 exemplari
1175 3941 1251 4005 quo-

176 4035 258 4115 dam,
283 4035 364 4118 quod
387 4055 434 4117 ep.
458 4036 518 4099 XX
540 4034 715 4117 suppletam
739 4033 912 4108 exhibebat,
937 4030 1068 4094 fortasse
1091 4028 1155 4091 iam
1177 4027 1249 4089 ante

178 4157 258 4205 saee.
271 4137 330 4202 XV
353 4138 471 4222 aliquot
493 4137 639 4202 foliorum
662 4137 783 4201 iactura
805 4134 978 4218 deperditos
1002 4151 1068 4197 esse
1092 4130 1183 4194 huius
1206 4147 1252 4211 ep.

181 4263 226 4310 11.
252 4244 315 4311 145
324 4244 431 4309 -248
455 4243 560 4324 plures
583 4241 668 4306 enim
690 4241 783 4304 huius
807 4239 929 4324 generis
952 4236 1028 4302 libri
1048 4235 1202 4302 desinunt
1219 4232 1263 4294 'un
