2694 4658
561 280 775 344 ..22-

129 468 373 552 praemittuntur
395 471 579 551 argumenta
600 470 658 535 illa
680 471 819 547 metrica,
843 469 881 533 de
904 467 1016 551 quibus
1039 486 1134 550 supra
1156 467 1209 532 di-

130 570 292 656 ximus20).
316 572 411 637 etiam
434 573 500 638 vita
521 576 631 656 poetae
653 575 685 638 in
707 574 765 638 hoc
787 573 867 638 libro
891 575 985 636 extat.
1011 590 1045 636 ex
1062 570 1210 653 epistulis

129 681 235 741 tamen
259 677 371 741 desunt
393 676 438 741 IV
461 677 494 740 et
517 677 545 742 V
568 679 669 757 totas,
699 677 810 743 deindo
832 696 881 743 vv.
905 677 947 740 ll.
975 675 1023 742 18.
1052 675 1102 740 19.
1136 676 1211 741 XV.

128 781 293 855 39-1423
318 780 432 844 ultima
455 780 708 846 membranarum
731 798 849 858 earum,
873 780 906 843 in
923 778 1036 862 quibus
1053 778 1209 860 epistulae

128 885 263 968 scriptae
286 885 374 963 sunt,
404 884 521 949 desinit
542 884 576 948 in
599 904 628 950 v.
652 885 721 951 XX.
747 885 781 949 l:
805 886 924 950 adnexa
946 887 993 949 est
1015 882 1139 960 charta,
1174 883 1209 946 in

128 1006 189 1071 qua
210 1008 321 1054 manus
345 1006 369 1052 s.
392 988 452 1052 XV
475 990 613 1053 exaravit
635 1008 686 1055 uu.
709 990 778 1054 XX.
802 988 940 1053 8-248.

230 1091 340 1157 Varias
373 1090 521 1157 lectiones
555 1093 594 1156 ad
628 1111 674 1174 ep.
703 1092 789 1156 XIX.
819 1091 883 1157 XX
911 1111 946 1156 ex
975 1091 1096 1157 Dilthei
1124 1091 1206 1156 libro

126 1195 304 1278 deprompsi
312 1194 363 1279 Ἦ).

391 1387 420 1464 ξ.
446 1384 486 1448 15.
512 1384 560 1447 Dc
585 1383 703 1448 codice
727 1383 938 1449 Sessoriano.

90 1544 114 1575 c
229 1480 371 1586 bodium
396 1519 671 1586 Sessorianum
686 1519 892 1606 Diltheiusffl)
916 1486 999 1588 hunc
1021 1522 1054 1586 in
1077 1523 1204 1588 modum

127 1624 293 1689 describit:

230 1728 331 1793 Oodeu
353 1728 550 1795 bibliothecae
574 1728 776 1795 Sessoriuuoe
807 1730 1004 1812 (mouusterii
1028 1730 1060 1795 S.
1086 1730 1203 1815 Oeace),

125 1833 181 1914 qui
202 1833 241 1896 iu
263 1833 401 1916 cutolopo
422 1841 466 1897 est
490 1832 582 1914 CIX,
605 1833 658 1898 sed
681 1834 736 1898 suh
759 1855 791 1898 u.
812 1833 874 1899 CX
896 1839 1083 1918 asservatur,
1107 1855 1204 1898 meur-

124 1937 298 2002 bruuuceus
318 1937 441 2018 formae
461 1935 554 2000 VIII
558 1986 565 2013 ,
579 1941 660 2001 teste
682 1936 937 2018 Reifferscheidio
955 1987 1062 2002 .....
1085 1938 1204 2004 soeculi

127 2038 226 2105 XIV.
242 2041 378 2105 coutiuet
400 2040 484 2104 ulau
504 2045 630 2122 praeter
650 2041 803 2122 epistulas
821 2040 1005 2107 Ouidiuuus.
1024 2047 1097 2123 post
1112 2042 1208 2107 XXI

125 2143 210 2224 (XX)
227 2148 269 2207 12
290 2145 499 2224 subscriptum
514 2147 573 2213 est.-
596 2144 741 2221 saulieu
759 2143 891 2210 Ouidius
906 2145 1119 2226 epistolarum.
1136 2147 1204 2213 Deo

122 2247 256 2325 oratius.
272 2248 383 2311 Aueu.

141 2402 144 2408 .
226 2351 336 2415 Varias
359 2354 532 2434 scripturus
555 2353 594 2416 ad
609 2351 695 2416 XIX.
719 2351 778 2416 XX
801 2354 839 2418 ab
861 2353 1114 2419 Reifferscheidio
1130 2373 1201 2420 ono-

123 2454 206 2519 tatas
229 2456 387 2540 desumpsi
411 2475 446 2520 cx
469 2455 591 2521 Dilthei
614 2455 704 2522 libro.

309 2646 338 2724 ὅ.
363 2643 405 2708 16.
431 2645 479 2708 Dc
504 2644 678 2708 codicibus
703 2643 1020 2709 cremifanensibus.

227 2781 296 2846 Duo
319 2781 353 2845 in
370 2782 539 2847 clarissimi
554 2781 737 2847 monasterii
753 2781 996 2848 Oremifanensis
1012 2783 1202 2849 bibliotheca

123 2888 228 2952 extant
250 2885 425 2951 Heroidum
447 2886 530 2963 libri,
554 2904 630 2968 quos
652 2887 869 2952 intercedente
891 2906 954 2951 rev.
979 2889 1102 2952 domino
1125 2889 1161 2955 M
1168 2907 1199 2952 a·

122 2991 206 3056 thia
237 2990 517 3074 Fuerlingsro,
541 2992 733 3058 'monasterii
767 2990 1009 3057 Oromifanensis
1045 2994 1201 3058 sacerdote

122 3095 302 3178 capitulari,
332 3113 351 3159 a
384 3094 618 3160 bibliothecario
650 3095 908 3162 reverendissimo
942 3095 977 3159 P.
1013 3096 1200 3178 Hugone

121 3196 344 3264 Schmidtio
367 3198 427 3262 huc
448 3198 648 3264 transmissos
672 3199 755 3265 domi
778 3198 921 3265 tractavi.

1 3300 112 3392 :oggi
223 3303 257 3383 a)
284 3299 384 3368 Codex
406 3299 719 3368 cremifanensis
734 3304 839 3386 prior
862 3303 993 3387 (nass)
1020 3303 1201 3368 chartaceus

19 3402 71 3505 ‘0³¹⁰‘-
121 3423 199 3471 saec.
221 3405 290 3469 XV.
314 3405 433 3471 formae
456 3405 509 3471 lol.
533 3409 686 3472 maximae
709 3407 751 3472 23
774 3406 860 3472 varia
883 3408 1021 3472 continet
1043 3406 1199 3471 variorum

120 3509 282 3574 auctorum
309 3528 403 3593 opera
430 3511 646 3593 manuscripta
673 3529 730 3576 uec
760 3529 822 3576 non
851 3511 1000 3593 pleraque
1028 3509 1200 3592 impressa;

120 3613 202 3678 inter
236 3614 340 3696 priora
373 3632 452 3698 quae
485 3616 765 3681 commemorentur
794 3615 888 3699 digna
917 3617 992 3680 sunt
1012 3611 1200 3677 Fasciculus

119 3720 293 3797 temporum
315 3717 483 3800 (Chronica
505 3719 768 3801 carthusiensis),
803 3718 977 3802 descriptus
1005 3737 1041 3781 ex
1064 3716 1199 3781 editione

119 3820 259 3904 principe
281 3821 356 3886 anni
381 3823 464 3887 1474
493 3821 549 3888 hoc
572 3823 698 3907 quidem
726 3822 865 3904 tempore
888 3822 1041 3906 quantum
1064 3820 1127 3885 seio
1150 3837 1200 3884 ra·

42 3960 45 3965 ·
120 3926 263 4002 rissima;
292 3924 413 3991 addidit
434 3927 580 3992 librarius
604 3925 867 4007 subscriptionem
892 3924 986 3991 hanc:
1017 3924 1135 3989 Fiuc'tc
1156 3926 1199 3987 est

221 4160 251 4227 ²⁰)
271 4159 348 4216 Conf.
367 4159 572 4229 descriptionem
592 4159 666 4215 codd.
685 4176 710 4229 v⁴
732 4163 760 4216 ei
778 4176 818 4230 ἔα·

222 4248 252 4310 ²¹)
271 4244 302 4302 L,
322 4262 344 4299 ο.
363 4262 390 4315 ρ,
410 4249 458 4300 1³7
477 4262 533 4315 sqq.

221 4333 253 4398 ²2)
272 4331 302 4385 L,
321 4348 342 4387 e.
360 4348 386 4400 p.
407 4336 464 4385 135.
