2694 4658
569 274 804 339 -101-

142 465 183 530 de
201 463 315 546 patae,
338 464 376 528 de
390 462 508 543 cuculo,
531 463 568 528 de
583 463 791 545 eradicamiue
806 464 945 541 aurium,
969 462 1005 525 de
1022 460 1228 553 medicamiue

142 568 256 651 faciei,
285 567 322 630 de
344 586 420 632 auce
442 571 469 630 et
498 566 653 647 quautam
675 565 760 648 alia,
791 565 842 630 scd
865 565 941 646 puta
968 564 1004 629 iu
1027 564 1095 629 illis
1118 564 1229 630 luderes

139 671 311 752 pueriliter
326 669 498 734 adultiora
510 670 657 733 aulicum
672 669 837 747 cmtracit,
854 669 891 732 iu
906 675 973 733 eius
986 670 1094 750 itaque
1110 669 1227 734 laboris

138 767 306 859 priucipio
316 777 512 855 praesentem
528 774 644 839 libram
658 773 863 854 epistolarum
878 774 963 837 risus
980 777 1024 836 est
1039 791 1224 853 comportem.
1324 796 1325 800 ¹

143 879 235 943 cuias
250 878 385 941 mrcteria
400 876 568 943 recredere
583 876 734 958 quosdam
749 881 792 942 est
807 876 1002 940 mitteutcset
1018 878 1226 960 remitteute33
1278 927 1288 936 ,

144 981 321 1048 iuteutia
343 981 425 1047 eius
447 980 521 1045 duo
549 964 697 1044 amoris
725 1000 870 1062 pemera
893 984 1049 1063 motare,
1078 984 1228 1044 castum

143 1083 304 1149 scilicet
325 1089 358 1149 et
381 1087 592 1150 incestum:
614 1087 766 1149 castum
789 1088 830 1149 ut
847 1081 1062 1164 Peuelopes
1083 1087 1117 1146 et
1132 1087 1227 1147 Lao·

143 1189 319 1269 damme,
335 1191 527 1254 incestum
542 1193 583 1252 ut
599 1187 804 1276 Phaedrae
820 1192 852 1252 et
868 1188 1052 1252 aliarum.
1077 1184 1226 1267 fiualis

144 1311 267 1356 caasa
289 1292 367 1358 sice
393 1292 560 1357 utilitas
582 1300 653 1370 est,
677 1296 734 1369 at,
763 1291 851 1356 dum
879 1295 1030 1355 castum
1060 1309 1226 1364 amorem

145 1393 361 1476 Pcuelopis
394 1397 611 1468 iutuemur,
642 1394 831 1477 proderit
868 1394 939 1479 (sic)
973 1392 1226 1458 iustraeudis

144 1499 323 1563 maribus
350 1498 503 1564 ethicae
525 1499 766 1580 suppositl0,
802 1518 900 1579 quae
930 1497 972 1561 iu
999 1497 1096 1562 duas
1119 1495 1225 1560 dici-

144 1601 262 1665 ditur
286 1606 443 1683 partes:
476 1604 518 1665 im
541 1601 809 1686 repulsiouem
837 1601 997 1666 scilicet
1023 1606 1055 1664 et
1082 1601 1224 1665 admis-

144 1708 304 1770 siauem.
328 1706 565 1792 repellimus
586 1707 689 1770 euim
711 1706 865 1788 turpia,
889 1703 1142 1769 admittimus
1165 1705 1224 1776 lca-

143 1814 274 1887 uesta,
309 1830 407 1891 quae
435 1815 605 1891 atraque
637 1812 902 1874 iacealautur
935 1810 977 1873 irc
1010 1810 1075 1873 troc
1103 1828 1224 1888 apere.

143 1915 313 1978 iutcutia
346 1914 467 1996 liuius
500 1916 632 1994 operis
653 1914 910 2004 principalis
936 1916 992 1979 est
1024 1911 1224 1992 reprelien-

140 2017 230 2080 dere
252 2019 448 2083 masculos
471 2019 689 2102 etfemiuas
711 2019 834 2084 stulto
862 2023 895 2081 et
918 2016 1074 2082 illicito
1097 2017 1224 2080 amori

142 2120 338 2186 deditas.
362 2122 494 2187 titulus:
516 2115 606 2188 ‘liber
630 2122 771 2188 Nasorm's
785 2122 895 2187 Publii
919 2121 1026 2186 Ouidii
1049 2121 1224 2184 Heraidum

133 2223 275 2304 feliciter
297 2215 431 2319 iucipit'.
455 2225 572 2290 dieitur
594 2230 696 2290 cutem
721 2215 917 2290 ‘Heroidam’
942 2229 982 2290 al
1011 2224 1120 2304 herois,
1144 2244 1223 2304 qaae

141 2327 293 2392 domiuus
313 2328 480 2420 desipuat:
506 2325 594 2393 ‘liber
616 2319 840 2394 damiuaram’.

249 2448 359 2516 Nonne
383 2469 460 2532 quee
482 2450 527 2515 ibi
551 2454 588 2516 de
610 2452 779 2517 Heroidum
796 2451 1022 2517 Ovidienerum
1045 2448 1220 2514 intentione

141 2557 238 2635 etque
253 2553 379 2618 consilio
395 2552 581 2632 dictasunt,
606 2573 642 2619 ee
655 2555 748 2636 plene
771 2573 841 2619 oum
858 2554 1051 2635 argumentis
1068 2552 1132 2616 illis
1147 2569 1221 2617 con·

142 2656 309 2721 sentiunt?
333 2658 497 2723 audiemus
515 2657 647 2741 denique
670 2658 707 2723 de
731 2678 766 2725 ee
790 2678 822 2724 re
838 2658 1051 2723 Hubertinum
1075 2655 1217 2721 Crescen-

141 2759 285 2838 tinetcm
311 2761 398 2827 cuius
421 2761 637 2827 sententiale
661 2761 804 2843 epistulis
832 2761 863 2824 in
888 2759 1022 2825 editione
1046 2760 1165 2825 Veneta
1187 2776 1214 2823 a.

144 2863 229 2928 1490
250 2865 334 2928 extet
357 2864 450 2931 heco:

248 2967 428 3032 Materia
450 2989 537 3031 vero
560 2974 616 3033 est
638 2971 785 3046 etlica,
818 2970 838 3033 i.
862 2989 887 3034 e.
910 2970 1092 3051 irroratis,
1127 2969 1222 3049 qaia

140 3071 336 3136 describit
355 3071 684 3144 cariosairorum
699 3071 986 3153 mulierumque
1008 3091 1137 3137 mores.
1161 3074 1220 3136 iu·

139 3175 1223 3259 teutiopoetaeestecerceridaiupeuiumetquaerendo

138 3280 309 3359 formam
325 3280 942 3362 amoriseffectusdemoustrare
959 3284 993 3344 et
1008 3280 1219 3364 osteadere,

139 3387 335 3461 quautam
364 3383 403 3446 lei
433 3383 640 3465 differaut
669 3384 711 3446 im
737 3382 976 3448 mulieribus
996 3384 1163 3463 pudicis
1187 3388 1221 3446 et

140 3483 376 3564 impudicis,
400 3487 523 3567 quiiu
539 3486 757 3550 aliiscasti
778 3488 929 3551 amoris
946 3488 1153 3569 pietatem,
1178 3488 1220 3549 iu

141 3586 244 3651 aliis
274 3588 466 3652 libidimis
500 3594 534 3652 et
565 3590 725 3670 furoris
759 3590 1218 3670 iucomtimeutiampro·

138 3689 245 3754 baut.
259 3690 395 3772 itaque
409 3692 518 3756 aliae
535 3693 584 3757 ad
599 3691 756 3757 laudem
769 3697 803 3756 et
819 3693 1220 3771 imitatiouem,aliac

139 3793 192 3856 ad
227 3793 421 3858 libidimis
448 3800 482 3857 et
510 3795 794 3876 impudicitiae
822 3796 1125 3861 detestationem
1152 3815 1219 3858 me-

140 3902 360 3961 morautur.

244 4001 382 4082 Adparet
410 4001 508 4083 igitur
537 4005 691 4067 auctorem
724 4005 979 4084 argumentorum
1006 4002 1215 4080 metricorum,

140 4108 300 4168 auctorem
316 4106 571 4188 argumentorum
594 4105 707 4172 codicis
724 4124 767 4191 vm
792 4123 880 4187 porro
904 4124 984 4184 eum,
1009 4107 1062 4188 qui
1086 4104 1218 4171 confecit

140 4207 310 4272 tractatum
344 4207 436 4272 illum
469 4209 532 4274 cod.
557 4229 590 4295 v³
615 4209 804 4293 exhibitum,
840 4208 971 4291 denique
1006 4208 1217 4274 Hubertinum

139 4309 328 4402 sapientiem
344 4329 434 4376 suam
450 4330 486 4377 ex
509 4331 570 4377 uno
594 4313 762 4396 eodemque
777 4313 1037 4392 fouts'hous'sse
1056 4314 1231 4379 so'xtxsst
