2694 4658
507 313 718 379 ..95-

74 501 257 577 videbatur,
288 499 455 582 scripturas
486 503 696 577 correxerunt,
726 501 907 584 plerumque
937 499 1043 565 nilnisi
1076 498 1153 562 sori-

73 604 169 670 bendi
191 603 269 669 vitia
291 605 541 667 emendaverunt.

181 723 322 805 Denique
345 721 603 806 quemadmodum
632 722 664 786 in
694 722 827 806 singuiis
851 722 1040 787 editionibus
1064 721 1152 788 ador·

75 829 186 895 nundis
208 827 380 910 superiores
403 844 459 908 pro
482 825 682 891 fundamento
698 826 762 891 sint
778 826 946 918 adhibitae,¹
969 826 996 889 si
1013 825 1040 889 A
1056 825 1152 910 signi-

73 932 149 999 fieat
171 948 367 996 communem
389 929 563 995 editionum
585 930 709 1011 praeter
731 955 749 1015 ρ
771 930 909 994 omniurn
934 930 1147 1013 archetypum,

75 1037 134 1102 hoo
157 1034 320 1119 exponitur
343 1033 524 1097 stemmate:

563 2320 593 2399 p,
617 2318 668 2382 24.

180 2456 225 2521 Ea
247 2473 319 2539 pars
342 2438 532 2538 quaestionis
555 2459 686 2534 nostrae,
712 2474 789 2539 quae
811 2457 850 2522 ad
872 2456 998 2521 oritieas
1014 2459 1150 2522 rationes

76 2558 161 2623 valet
184 2559 432 2640 constituendas,
460 2560 523 2623 iam
547 2561 586 2660 ad
609 2559 701 2623 finem
724 2561 876 2642 perdueta
897 2559 952 2624 est.
976 2560 1090 2637 restat,
1114 2562 1150 2625 ut
1231 2562 1233 2569 '

76 2660 141 2725 alia
164 2663 315 2744 quaedam
347 2662 386 2725 ad
419 2664 523 2726 textus
554 2663 713 2728 historiam
736 2661 925 2746 pertinentia
949 2667 1149 2746 exponantur.

181 2782 348 2848 Doouimus
367 2800 469 2865 supra,
493 2785 642 2865 quantam
657 2785 688 2848 et
704 2784 798 2848 medii
813 2782 881 2849 aevi
896 2784 928 2847 et
943 2784 1149 2865 posteriorum

75 2886 267 2952 saeoulorum
290 2886 486 2968 grammatici
509 2887 684 2952 Heroidum
707 2887 807 2952 textui
845 2887 990 2953 iactando
1006 2887 1150 2954 nauarint

77 3008 217 3074 oporam:
242 2989 441 3072 quamobrem
463 2989 530 3054 iure
553 2990 585 3055 in
610 2991 665 3056 hoe
688 2989 797 3057 libello
820 2991 921 3056 loeum
945 2989 1069 3056 oonoedi
1090 3010 1148 3073 pu·

76 3095 181 3157 tamus
206 3092 407 3176 disputationi
430 3094 467 3159 de
490 3093 660 3159 Heroidum
690 3095 934 3178 argumentis
956 3094 1147 3175 metricis,

75 3213 153 3279 quae
181 3197 258 3261 item
287 3213 395 3278 operae
423 3196 508 3262 illius
536 3197 677 3262 eetieiunt
707 3196 900 3280 particulam.
939 3196 1046 3264 extant
1073 3198 1148 3265 haee

76 3301 263 3383 argumenta
284 3299 317 3364 in
340 3298 425 3366 oodd.
450 3299 514 3384 λῃ
529 3320 564 3386 g⁹
577 3319 606 3384 o,¹
641 3300 741 3366 adhue
774 3300 893 3365 inedita
916 3302 946 3365 et
968 3301 1031 3367 iam
1054 3301 1151 3393 semei

53 3403 507 3495 &tuou,„iior,.1‚iss¹,1,...d⁰.lutrufli
534 3403 595 3468 viri
623 3404 705 3470 doeti
735 3404 853 3469 nullam
883 3405 983 3471 adhue
1005 3405 1150 3470 notitiam

62 3523 181 3571 eorum
197 3492 401 3589 inpublioum
416 3510 600 3592 pervenisse.
625 3508 688 3572 iam
704 3508 892 3590 adponamus
908 3509 1027 3573 textum
1045 3527 1149 3573 eorum

71 3609 113 3675 ad
135 3610 228 3675 fidem
251 3611 400 3690 codicum,
425 3600 499 3693 quos
523 3612 610 3677 nobis
633 3613 767 3677 tractare
789 3610 879 3675 lieuit
904 3612 951 3696 (v4
964 3632 999 3697 g,¹
1014 3609 1069 3696 0,).
