2694 4658
632 280 843 346 „25-

194 472 330 552 pioseos.
355 468 449 533 Liber
466 469 603 548 prinas.
629 467 746 551 singuli
769 466 844 532 libri
860 466 893 530 in
909 466 1059 531 sectiones
1076 465 1181 543 diuisi,
1204 468 1278 549 qui-

198 578 254 640 bus
278 568 468 656 praecedunt
481 573 666 655 argumenta
681 571 738 635 illa
753 571 869 648 breuia,
893 570 1020 652 quaein
1037 569 1173 652 epistula
1189 589 1279 635 com·

197 679 350 744 memorat
385 677 561 760 episcopum
596 696 620 741 e.
646 695 675 759 g.
699 676 818 757 primus
848 675 928 739 liber
956 675 990 738 in
1019 673 1109 737 XXI.
1123 675 1278 740 eiusmodi

199 783 347 846 sectiones
371 779 491 844 divisus
515 782 561 843 est
584 779 686 843 etita
708 778 848 861 quidem:
882 780 907 842 1.
930 776 1109 857 Propositio
1133 783 1161 842 et
1183 781 1275 844 inno-

99 946 101 949 .
173 885 286 950 catio.
312 884 375 969 (vv,
403 883 504 961 1-4).
536 883 566 946 2.
589 879 640 946 De
656 880 743 946 anco
766 881 901 945 materia
922 881 1104 945 elementari
1119 886 1147 946 et
1162 883 1279 947 nannai

197 988 320 1069 epiri-eie
344 991 372 1051 et
394 987 486 1052 nnieo
508 986 562 1052 oleo
585 986 632 1051 oet
648 990 775 1050 natnra
800 985 864 1070 (vv.
881 985 1011 1068 5-75).
1044 987 1073 1050 3.
1090 985 1139 1050 De
1154 987 1278 1069 oripine

197 1091 342 1156 nonanis.
368 1091 431 1176 (vu.
457 1089 605 1167 76-88).
643 1090 673 1152 4.
697 1087 748 1158 De
775 1088 874 1153 ·IIH·
901 1089 1043 1154 etatitns
1078 1088 1187 1153 Anrea
1204 1090 1277 1169 pri-

73 1181 77 1192 ’
197 1214 283 1258 rnnrn
305 1195 359 1259 snb
383 1194 524 1261 Satnrno
546 1191 639 1258 Etas.
676 1193 739 1274 (vv.
764 1193 945 1276 89-112).
988 1195 1018 1258 5.
1047 1191 1097 1257 De
1128 1196 1278 1275 arpentea

197 1303 274 1362 etate
296 1299 352 1363 snb
375 1298 453 1362 Ione.
480 1296 542 1379 (vv.
569 1297 759 1373 113-124).
785 1298 857 1361 cett.

299 1421 336 1483 In
361 1419 444 1483 calce
466 1417 559 1482 huius
584 1419 753 1484 voluminis
777 1419 923 1501 quattuor
946 1420 1054 1483 extant
1069 1418 1221 1496 disticha,
1240 1420 1272 1482 in

198 1523 309 1605 quibus
333 1523 511 1605 typothetae
534 1525 660 1587 nomina
675 1540 733 1586 sua
747 1523 915 1587 memoriae
931 1523 1152 1606 prodiderunt:
1176 1522 1274 1601 Aspi-

196 1627 241 1690 cis
256 1627 393 1692 iiinstris
409 1625 500 1690 lector
516 1626 668 1707 anicanq3
684 1625 801 1690 libellos
814 1625 850 1689 Si
865 1627 955 1707 crepa
970 1627 1129 1708 artificarn
1141 1626 1275 1689 reornina

197 1748 299 1793 nosse:
322 1729 394 1812 iepe.
418 1729 544 1808 Aspera
566 1729 681 1794 ridetis
704 1730 887 1812 aopncnina
909 1734 1052 1794 tantona:
1073 1731 1187 1811 forsan
1209 1729 1276 1792 Mi-

196 1834 270 1917 tipei
293 1853 347 1897 ars
369 1833 469 1897 nensis
491 1834 594 1898 inscia
617 1834 708 1898 certa
730 1834 844 1898 eirnnc.
881 1833 1024 1898 Ciractns
1051 1832 1276 1914 snaeprclcepra:

197 1937 361 2003 Aeneidos
386 1941 526 2017 panaria
555 1958 591 2018 q;
624 1938 772 2020 napistri
806 1937 903 2001 Rene
936 1938 1160 2017 impresserant
1194 1935 1276 2000 talia

198 2042 299 2107 rnntta
320 2041 417 2105 sinent
439 2039 553 2104 Petras
575 2061 646 2106 cnrn
672 2043 775 2122 fratre
799 2040 971 2106 Francisco
997 2040 1164 2104 Manirnns
1187 2039 1276 2103 aenio

197 2143 285 2209 Hnic
307 2145 393 2225 operi
414 2149 558 2224 aptatarn
580 2145 771 2210 contribuere
793 2145 927 2209 danaae.

300 2265 453 2331 Volumen
476 2268 610 2331 alterum
633 2265 746 2348 incipit
761 2267 799 2332 ab
815 2265 994 2339 Amoribus,
1019 2265 1130 2348 quibus
1144 2264 1275 2345 inscrip-

198 2370 266 2433 tum
290 2370 353 2433 est:
376 2367 416 2432 P.
443 2367 553 2433 Oniciii
576 2369 719 2434 Nasonis
741 2370 777 2434 rie
799 2370 867 2434 sine
890 2370 981 2434 titnto
1005 2369 1146 2447 libellam
1172 2369 1273 2452 sequi-

197 2477 249 2536 tur
271 2471 331 2536 Ars
357 2471 411 2556 (Ρ.
437 2470 549 2537 Oniciii
575 2472 713 2537 Nasonis
735 2473 771 2537 de
794 2473 917 2538 artibus
939 2473 1097 2557 amancii),
1121 2471 1221 2554 elegia
1238 2473 1274 2536 de

196 2576 298 2659 pulice
323 2575 385 2661 (qt
402 2573 513 2640 Onieiii
530 2577 659 2657 palen),
695 2595 784 2660 porro
808 2577 957 2643 Remedia
986 2596 1058 2641 oum
1081 2577 1130 2641 his
1154 2576 1273 2640 titulis:

195 2677 234 2743 P.
261 2677 370 2743 Onidii
392 2679 533 2743 Nasonis
554 2678 591 2742 de
613 2679 747 2744 remedio
762 2681 889 2745 arnoris.
913 2679 1009 2743 Liber
1024 2679 1049 2743 I
1067 2683 1097 2744 et
1116 2678 1209 2744 Liber
1224 2677 1273 2743 ΙΙ.

196 2781 331 2846 divisum
354 2780 438 2846 enim
462 2781 520 2846 hoe
542 2800 619 2864 opus
641 2782 674 2846 in
698 2785 774 2847 duos
797 2783 914 2858 libros,
949 2801 1080 2865 quorum
1115 2783 1200 2865 prior
1225 2801 1272 2850 uu.

198 2885 340 2961 1-396,
371 2885 452 2949 alter
473 2884 595 2967 reliqua
618 2885 768 2952 continet.
799 2885 939 2969 proxima
964 2895 1012 2950 est
1034 2885 1212 2952 Consolatio
1236 2890 1274 2951 ad

195 2987 317 3053 Liviam
352 2989 404 3070 (P.
431 2986 541 3052 Onidii
569 2988 711 3053 Nasonis
739 2988 830 3055 Paete
863 2990 1037 3055 consolatio
1069 2991 1112 3054 aei
1141 2988 1275 3054 Liaiarn

196 3094 373 3175 Arcpasiarn
395 3090 432 3154 de
453 3095 548 3154 nocete
570 3089 676 3156 Drnsi
699 3092 837 3157 Neronis
858 3093 925 3174 niti·
948 3093 1032 3159 eins:
1060 3094 1116 3174 qni
1138 3093 1174 3157 in
1198 3091 1274 3160 Ger·

195 3195 308 3258 noreio
329 3198 433 3258 norbo
450 3195 579 3279 periit),
613 3214 691 3278 quae
714 3197 866 3279 excipitur
889 3199 928 3263 ab
951 3198 1138 3263 Heroidibus
1161 3199 1207 3263 ita
1228 3201 1275 3263 in-

195 3298 333 3381 scriptis:
357 3296 397 3364 P.
423 3295 535 3362 Onidii
550 3298 693 3363 Nasonis
708 3299 860 3366 Heroides
876 3300 1026 3378 Epistola.
1052 3302 1194 3384 singulae
1210 3301 1274 3383 epi·

196 3402 298 3465 stulae
332 3399 414 3464 hune
448 3401 480 3464 in
515 3401 643 3467 modum
674 3402 847 3487 inscriptae
870 3407 959 3469 sunt:
990 3407 1016 3469 Ι.
1040 3404 1209 3485 Penelopes
1231 3405 1275 3468 aei

201 3503 296 3570 arrae
312 3503 420 3568 nirnrn
442 3503 543 3570 sanni.
566 3505 694 3590 Eiepia.
719 3547 755 3558 -
781 3507 823 3575 ΙΙ.
847 3508 1011 3591 Phyllidis
1033 3509 1076 3574 aci
1099 3507 1275 3589 Demopho-
1321 3536 1326 3547 ¹

196 3610 271 3670 enta
293 3608 431 3673 ancienrn
452 3622 552 3674 snnrn.
577 3611 702 3694 Eiepia.
725 3651 766 3660 -
790 3613 850 3677 III.
877 3613 1044 3694 Brpseiciis
1059 3613 1103 3677 aot
1117 3612 1273 3679 Aciiiieno

195 3712 341 3776 anicani.
376 3711 501 3796 Etepia.
537 3716 592 3779 etc.
623 3715 836 3782 memorabilis
869 3716 916 3780 est
944 3716 1104 3799 inscriptio
1127 3736 1172 3799 ep.
1197 3715 1273 3781 XX:

200 3815 341 3896 Cydippe
361 3817 496 3881 Acontio
520 3817 668 3884 ieroctnrn
693 3817 804 3883 Onidii
826 3819 942 3884 nitina
963 3839 1069 3886 recens
1090 3817 1272 3904 capenae).

195 3917 345 3985 Heroides
369 3919 484 4004 excipit
507 3923 544 3986 de
567 3942 644 3988 nuce
667 3923 769 4006 elegia
791 3920 924 4005 (Quinti
949 3924 1059 3990 Oniriii
1082 3923 1197 4007 Nara).
1229 3942 1274 3989 se·

195 4025 306 4087 euntur
337 4021 549 4090 Medicamina
585 4025 702 4089 formae
736 4024 789 4110 (P.
816 4023 927 4090 Onieiii
949 4027 1091 4091 Nasonis
1115 4025 1274 4090 Medicata

199 4185 402 4194 ——-—-—.

299 4256 332 4324 25)
351 4255 471 4310 Eandem
490 4255 693 4324 inscriptionem
712 4273 792 4326 supra
811 4258 926 4312 vidimus
945 4264 1033 4314 entare
1051 4260 1079 4313 in
1098 4275 1139 4329 c„
1158 4259 1274 4313 similem

194 4356 223 4393 m
242 4357 279 4406 u.
