2694 4658
367 1035 392 1143 j
423 1006 845 1146 *nnnrrnuuuruu
898 1089 902 1097 .

109 1224 212 1304 'reru
232 1238 278 1327 da
303 1214 476 1302 [uaesana
500 1236 739 1334 compunctus
765 1237 934 1308 Phaedrae
959 1202 1001 1302 de
1025 1254 1163 1301 recessu

377 1357 541 1442 Hippolyti
564 1358 719 1443 sapientis
744 1358 783 1423 ad
808 1360 918 1423 silvas.

210 1587 320 1651 Poetas
343 1588 375 1650 et
398 1583 493 1650 medii
515 1589 546 1656 et
569 1586 749 1649 recentioris
774 1587 842 1649 aevi
857 1587 968 1649 netum
984 1588 1031 1648 est
1053 1585 1185 1649 libenter
1216 1571 1218 1581 ’

108 1691 247 1755 versatos
271 1707 333 1754 esse
355 1689 388 1752 in
411 1689 627 1770 componendis
642 1688 828 1753 Heroidibus
852 1689 891 1753 ad
908 1688 1064 1771 exemplar
1080 1686 1186 1753 Ovidi-

110 1811 240 1858 anarum
267 1792 417 1856 nimirum
445 1793 479 1856 in
507 1808 598 1855 usum
627 1793 743 1856 vocatis
766 1791 938 1856 Heroidum
962 1789 1186 1856 Ouidianarum

109 1901 165 1962 aut
187 1896 262 1961 totis
286 1894 425 1961 versibus
448 1897 503 1959 aut
523 1895 664 1976 partibus
681 1892 885 1975 versuum⁶⁸l
910 1895 1005 1960 etiam
1022 1913 1057 1958 en
1072 1896 1184 1960 nostris

107 1999 198 2065 libris
226 2017 306 2064 unus
334 2000 397 2063 tale
426 1999 551 2065 exhibet
580 2016 705 2080 poema,
735 1997 855 2064 scilicet
885 1992 1185 2081 complanctum

108 2103 310 2169 Phaedrae
340 2104 384 2167 de
412 2120 571 2167 recessu
599 2101 829 2186 Hippolyti,
859 2104 913 2184 qui
942 2106 1026 2166 extat
1055 2103 1087 2166 in
1116 2103 1183 2167 ced.

110 2226 153 2294 v5.
177 2208 264 2272 cuius
287 2207 393 2272 auctor
416 2208 464 2270 est
486 2205 597 2270 Petrus
620 2206 747 2288 quidam
766 2208 807 2301 de
830 2202 1011 2282 Lunesana,
1026 2207 1079 2287 qui
1102 2207 1186 2287 operi

108 2328 163 2375 suc
187 2309 263 2376 haec
277 2320 331 2376 ser
345 2309 506 2392 praemisit
522 2309 673 2374 carmina:
698 2309 795 2374 Milic
809 2308 1050 2391 quadricpecic's
1066 2310 1186 2372 domiui·

108 2413 283 2478 laicalibus
305 2413 402 2477 cuais
418 2413 572 2494 Quattuor
594 2417 685 2494 cique
706 2413 806 2477 decere
822 2413 938 2477 icariis
960 2413 1057 2476 sinici
1073 2430 1186 2491 aspero

110 2515 227 2581 Phoebi
243 2515 384 2581 Torrarai
397 2536 464 2580 oum
476 2521 563 2599 icrpa
578 2515 673 2596 sarae,
686 2536 782 2597 quaec
793 2516 883 2580 cioca
897 2517 1023 2596 superbi
1038 2515 1187 2579 Herculis

109 2620 260 2700 oppressit
286 2618 398 2683 Maece
425 2623 591 2701 porcacius
619 2620 656 2681 ic
684 2619 760 2684 ultis
783 2618 920 2684 Collibus
949 2618 1032 2683 barac
1060 2619 1187 2699 scripsit

109 2723 251 2788 Nasonis
269 2722 382 2804 pellice
405 2722 521 2787 librum
542 2720 658 2787 Petrus
683 2725 719 2786 ip
741 2722 894 2819 epcbrcsis
911 2727 1096 2803 pertentatis
1118 2742 1186 2786 cur·
1273 2750 1275 2758 =

213 2939 246 3004 ⁶⁸)
275 2939 404 2992 Julium
436 2938 626 3001 Titianum,
670 2939 845 3008 epistularum
875 2941 1031 3008 scriptorem
1064 2956 1129 2994 saec.
1159 2957 1183 3009 p.

24 3021 29 3029 ’
110 3026 174 3086 Chr.
192 3026 246 3092 III,
275 3024 400 3080 Sidonius
427 3024 592 3093 Apollinaris
620 3028 809 3079 commemorat
836 3026 950 3095 ep.I,1
980 3027 1058 3093 (conf.
1085 3031 1184 3082 Auson.

110 3115 186 3183 epist.
208 3111 288 3178 XVI3
311 3112 367 3166 Jul.
387 3111 502 3180 Capitol.
526 3112 585 3165 rita
607 3112 715 3168 Maxim.
740 3114 796 3166 iun.
823 3119 894 3180 c.1;
921 3113 1097 3182 Oannegieter
1131 3114 1186 3178 ,De

110 3201 198 3253 aetate
226 3201 254 3254 ot
281 3199 350 3270 stylo
368 3199 462 3254 Flavii·
475 3200 587 3254 Aviani“
616 3201 644 3253 in
664 3200 727 3254 edit.
747 3200 810 3255 Fab.
830 3202 925 3257 Avian.
950 3195 1098 3259 Amstelod.
1120 3210 1184 3259 1731

110 3301 167 3355 cap.
188 3290 219 3338 11
232 3290 292 3356 sq).
312 3287 428 3355 epistula
446 3285 575 3356 quaedam
594 3286 700 3340 Didus
718 3287 758 3341 ad
777 3289 909 3342 Aenean
928 3290 1066 3343 iuvenitur
1085 3293 1112 3345 iu
1131 3293 1186 3345 ced.

110 3371 277 3426 Salmasiano
291 3389 311 3426 s,
323 3360 478 3428 vir-vni
498 3374 582 3442 (edita
599 3392 616 3427 a
634 3375 723 3428 Riesio
742 3375 852 3430 Anthol.
872 3393 896 3429 n.
911 3380 962 3444 83).
983 3379 1100 3446 epistula
1112 3378 1187 3431 Dei-

110 3458 241 3513 damiae
260 3459 299 3516 ad
316 3459 476 3513 Achillen
495 3461 664 3515 testeJahno
684 3463 746 3528 (rol.
760 3462 782 3515 Ι.
797 3479 821 3530 p.
835 3465 862 3532 8)
882 3462 984 3517 inedita
1002 3466 1074 3517 extat
1086 3467 1115 3518 in
1129 3465 1185 3520 cod.

109 3545 232 3599 Parisino
250 3562 276 3599 n.
295 3549 363 3599 2782
381 3563 402 3600 s.
420 3545 453 3599 X.
477 3562 554 3615 porro
577 3547 817 3602 commemorandae
842 3548 971 3603 Heroides
996 3553 1051 3608 tres
1069 3552 1187 3606 Sabini

10 3640 13 3644 '
110 3631 190 3698 (conf.
210 3632 415 3701 descriptionem
440 3634 566 3688 editionis
585 3655 607 3702 a,
627 3651 709 3704 supra
727 3651 753 3705 p.
771 3638 827 3704 28),
856 3653 922 3705 quae
950 3653 1009 3690 cum
1035 3638 1098 3692 olim
1118 3640 1186 3693 Aulo

110 3717 225 3782 Sabino,
249 3719 340 3774 Ovidii
358 3722 440 3775 amico
460 3721 539 3788 (conf.
559 3722 607 3777 Or.
625 3723 716 3779 Amor.
735 3722 773 3776 Il.
796 3727 835 3775 18.
854 3727 896 3791 27)
916 3722 1112 3788 tribuerentur,
1137 3724 1187 3778 hcc

109 3804 218 3873 quidem
235 3808 352 3875 tempore
371 3808 432 3875 post
449 3808 479 3865 0.
498 3807 590 3862 Jahnii
610 3808 694 3874 (Diar.
713 3809 768 3866 litt.
788 3810 893 3879 antiqq.
912 3827 936 3864 a.
958 3812 1066 3879 1837'p.
1079 3814 1139 3876 631)
1160 3814 1187 3863 et
1243 3842 1247 3860 ι

111 3890 232 3945 Glaeseri
253 3891 334 3958 (Mus.
354 3891 439 3949 Rhen.
458 3910 484 3949 n.
503 3895 552 3949 s.I
571 3911 596 3963 p.
609 3898 671 3962 437)
690 3895 888 3963 disputationes
906 3896 987 3965 vulgo
1005 3896 1039 3950 ad
1052 3888 1184 3966 Angelum

110 3976 248 4044 Sabinum,
267 3981 373 4047 poetam
392 3979 494 4034 Italum
513 3999 532 4034 s.
552 3981 609 4047 XV,
629 3984 790 4037 referuntur.
812 4013 841 4024 -
861 3986 1019 4038 recentiores
1038 3983 1185 4037 Heroidum

110 4064 254 4134 scriptores
271 4081 296 4119 v.
316 4071 486 4121 enumeratos
511 4069 583 4138 apud
600 4069 766 4136 Fabricium,
796 4069 858 4124 bibl.
877 4070 966 4124 Latin.
985 4072 998 4123 l
1016 4088 1037 4125 c.
1060 4075 1105 4134 ¹53
1133 4069 1186 4124 He-

109 4150 198 4204 roides
225 4151 297 4220 ipsas
324 4154 427 4222 aliquot
456 4154 542 4208 edidit
569 4155 743 4225 Esehenburg
761 4159 788 4210 in
817 4158 1109 4228 ,Bcispielsammlung
1127 4176 1186 4213 zum

110 4236 237 4292 Entrrurf
258 4239 331 4294 einer
349 4240 462 4296 Theorie
490 4243 546 4296 und
564 4243 703 4297 Liberatur
734 4243 780 4297 der
807 4244 1185 4301 schdnen‚Wissenschafteu“

108 4324 226 4381 rol-VI.
246 4342 272 4394 p.
292 4331 341 4380 179
361 4343 416 4398 sqq.
