2694 4658
547 316 762 380 *30-

221 508 288 572 Hae
312 505 437 589 quidem
460 506 567 569 extant
583 502 784 568 Vindobonae
807 501 957 567 editiones
970 501 1109 567 Venetae
1126 504 1199 566 uni·

118 630 243 679 versum
267 609 444 691 complexae
466 605 631 671 Ovidium:
663 607 725 671 iam
749 603 967 671 describendae
991 622 1051 684 eae,
1084 604 1200 686 quihus

117 714 266 779 Heroides
279 714 364 778 solae
381 712 573 777 exhibentur.
591 729 723 793 quarum
740 710 797 774 hae
814 708 1017 774 inveniuntur
1032 708 1064 773 in
1081 708 1198 773 biblio·

117 817 208 887 theca
230 817 325 899 palat.
350 815 598 880 vindobonensi:

9 940 14 950 '
75 941 108 982 ⁰³·
221 939 250 1002 5.
286 937 419 1002 Editio
450 935 543 1001 anni
576 935 659 1002 1484
695 934 792 1017 (Η414
816 933 837 997 l.
861 953 887 998 c.
911 953 940 1016 p.
964 933 1043 1010 5503
1077 933 1198 997 Panzor

120 1042 173 1107 IX.
197 1061 226 1123 p.
250 1041 330 1122 2873
355 1040 436 1124 sign.
454 1040 505 1103 24.
530 1039 568 1103 D.
583 1037 618 1122 4)
643 1038 795 1119 impressa
817 1057 871 1119 per
894 1037 1045 1102 Thomam
1068 1035 1106 1101 do
1121 1038 1201 1103 Ale·

119 1144 249 1211 xandria
271 1148 422 1230 regnante
446 1143 522 1207 duce
546 1144 666 1209 Joanno
689 1139 868 1224 Monenigo;
899 1140 1024 1205 exhibet
1046 1140 1198 1224 epistulas

119 1249 292 1314 Heroidum
331 1266 401 1312 cum
440 1244 661 1311 commentario
700 1243 831 1309 Antonii
866 1244 987 1324 Volsci,
1029 1243 1200 1326 epistolam

119 1351 261 1435 Sapphus
285 1356 316 1414 et
339 1351 411 1414 Ibin
435 1368 506 1414 oum
530 1348 761 1413 commentariis
785 1347 918 1413 Domitii
942 1346 1110 1413 Calderini.
1134 1348 1198 1412 He·

120 1455 257 1520 roidibus
281 1452 453 1535 praemissa
476 1452 521 1516 est
546 1451 654 1525 Volsci
678 1450 813 1534 epistula
835 1451 874 1514 ad
897 1451 1089 1517 Ludovicum
1105 1451 1198 1516 Diae·

121 1559 211 1635 dum,
235 1556 403 1638 patricium
427 1555 582 1619 Venatum
614 1557 645 1618 et
674 1554 813 1619 eiusdem
837 1554 971 1619 auctoris
996 1555 1061 1620 vita
1085 1553 1199 1620 Ovidii.

120 1659 282 1742 inscriptio
317 1659 401 1724 extat
433 1659 526 1724 haee:
560 1655 671 1721 Public·
695 1656 806 1721 Ouidii
828 1657 971 1721 Nasonis
994 1656 1200 1737 epistolarem

119 1762 280 1827 heroc'dma
304 1761 381 1827 tiber
398 1762 537 1842 primas.
567 1778 615 1841 ep.
638 1759 714 1825 XVI
744 1759 788 1824 ita
818 1759 968 1842 inscripta
991 1762 1053 1826 ost:
1084 1762 1200 1828 Sebini

120 1870 224 1948 poetae
246 1864 464 1945 epistolaeque
486 1863 661 1929 otecoadro
689 1862 800 1927 betereo
822 1856 984 1944 respondet
1007 1864 1200 1948 legimusque

120 1970 152 2035 in
177 1968 398 2034 commentario
422 1968 461 2033 ad
483 1968 561 2033 hano
584 1987 632 2049 op.
657 1967 746 2031 haec:
770 1966 907 2032 Nollem
922 1987 1001 2048 puae
1016 1969 1202 2049 respondeat

120 2072 283 2153 epistolam
305 2071 413 2153 fecisse
433 2069 587 2135 Ouidium
608 2075 720 2152 oporte
735 2074 855 2135 coastat
870 2072 1024 2136 44414414
1039 2074 1201 2140 omnibus:

121 2176 278 2242 Sabinam
297 2179 423 2256 poetam
444 2174 642 2256 respondisse
664 2176 701 2239 a'a
723 2175 885 2239 amoribus
900 2176 967 2257 ipse
981 2180 1115 2242 testatur
1130 2198 1200 2242 cara

121 2279 198 2344 dicct
221 2301 231 2343 :
257 2278 361 2356 Quem
384 2278 442 2343 cito
467 2281 524 2344 eto.
549 2279 643 2359 (ocni.
662 2266 734 2344 Am.
751 2278 793 2344 II.
813 2280 862 2344 18.
880 2279 921 2342 27
939 2278 1020 2365 sqq.)
1046 2280 1199 2364 epistulae

122 2383 264 2467 Sapphus
287 2382 475 2465 praecedunt
496 2382 621 2448 litterae
645 2381 778 2447 Domitii
801 2381 840 2446 ad
856 2381 1055 2448 Franciscum
1079 2384 1201 2467 Arago-

123 2487 219 2566 nium,
240 2479 432 2553 'Fordinandi
455 2486 539 2571 rogis
557 2484 760 2567 Neapolitani
784 2483 893 2552 filium.

226 2589 352 2655 Contuli
384 2590 552 2672 Heroides,
588 2587 742 2671 equibus
765 2588 878 2652 desunt
903 2588 945 2652 ΙΙ.
972 2589 1019 2654 18.
1047 2590 1095 2654 19.
1134 2590 1201 2655 XV.
1245 2586 1247 2593 ’

123 2692 282 2758 39-142.
310 2692 379 2756 XX.
405 2691 561 2770 13-248,
585 2692 732 2774 integras.

9 2810 30 2902 {n
62 2807 100 2902 a
224 2796 253 2862 6.
278 2795 412 2860 Editio
434 2795 524 2860 anni
549 2794 632 2860 1490
655 2794 749 2874 (Hein
772 2796 793 2859 l.
810 2813 835 2859 c.
859 2815 888 2877 p.
905 2795 985 2875 550;
1008 2795 1127 2861 Panzer
1142 2797 1201 2862 Ill.

6 2943 11 2954 ·
80 2890 96 2952 -’
125 2921 156 2984 p.
180 2901 257 2979 2923
281 2899 361 2983 sign.
387 2898 437 2964 16.
462 2899 497 2964 E.
518 2895 571 2983 13)
595 2897 745 2981 impressa
767 2918 822 2981 por
838 2899 989 2965 Lazarum
1013 2901 1050 2965 de
1065 2899 1201 2966 Isoardis

45 2994 50 3006 ’
126 2993 163 3070 de
186 3003 349 3069 Sapiliano.
373 3000 449 3066 haee
473 3002 568 3067 editio
592 3003 683 3083 plano
707 3003 815 3068 eadem
839 3002 959 3068 rationo
982 3005 1133 3070 adornata
1157 3005 1204 3070 441

125 3125 161 3178 44
195 3106 343 3188 superior.
379 3104 532 3187 exemplar
555 3102 796 3169 Vindobononse
830 3107 962 3170 Ioannes
995 3105 1203 3191 cuspinianus

127 3211 162 3292 (†
185 3209 386 3274 Vindobonae
411 3207 506 3288 1525)
532 3207 615 3271 notis
637 3207 786 3272 instruxit
809 3209 1046 3292 marginalibus.

1 3331 34 3372 ‚a
60 3329 115 3371 14-
229 3312 257 3377 t.
282 3312 414 3378 Editio
438 3312 529 3376 anni
555 3312 638 3376 1492
663 3309 760 3392 (Η414
783 3312 803 3377 l.
822 3330 847 3378 o.
864 3332 894 3395 p.
908 3313 987 3390 5513
1012 3314 1203 3380 PanzerIII.

63 3394 97 3475 ,Μ’
125 3439 155 3503 p.
180 3417 257 3496 3163
282 3416 363 3502 sign.
380 3417 409 3481 6.
434 3415 470 3479 Ε.
490 3417 541 3496 16)
567 3416 718 3499 impressa
740 3435 794 3499 per
816 3415 1092 3481 Bartholomaeum
1104 3417 1206 3483 Vena·

43 3518 48 3528 ’
112 3512 195 3586 ‘tum
218 3523 255 3586 de
278 3519 501 3605 Raganonibus.
526 3521 603 3585 haec
626 3519 722 3585 editio
746 3537 764 3584 a
787 3520 997 3603 superioribus
1020 3539 1055 3585 oo
1078 3521 1205 3586 tanturn

127 3624 239 3703 differt,
264 3625 345 3706 quod
368 3625 498 3690 accessit
521 3624 763 3689 commentarius
786 3623 957 3690 Hubertini
980 3623 1093 3690 Clerici
1116 3623 1205 3690 Cras·

127 3728 294 3794 centinatis
317 3729 350 3792 in
373 3728 538 3807 Heroidas,
563 3728 616 3811 qui
639 3727 768 3791 editioni
793 3727 956 3809 praemisit
978 3727 1144 3810 epistulam
1167 3730 1206 3794 ad

127 3832 303 3901 (luidonem
319 3833 356 3897 de
373 3832 402 3898 S.
421 3832 563 3916 Georgio,
578 3831 715 3915 primum
732 3832 974 3897 marchionalem
990 3831 1205 3898 camerarium.

126 3935 288 4015 Heroides,
313 3955 329 4000 e
353 3936 463 4018 quibus
487 3937 600 4000 desunt
624 3952 702 4017 quae
725 3933 758 3998 in
784 3937 811 3998 1.
836 3935 877 4014 2.,
900 3935 934 3999 in
957 3934 1093 4017 quinque
1109 3935 1205 4000 libros

56 4042 60 4049 '
127 4040 245 4106 divisae
268 4043 341 4104 sunt
366 4040 433 4124 (lib.
459 4040 475 4102 I
492 4065 532 4095 =
548 4057 616 4122 epp.¹
631 4036 735 4113 1-v;
752 4036 784 4101 II
799 4064 840 4094 =
857 4057 924 4121 epp.
942 4039 1075 4123 VI-X3
1098 4040 1149 4104 III
1165 4065 1206 4096 =

127 4163 192 4227 epp.
209 4133 395 4219 XI-XIII;
411 4141 798 4226 IV=epp.XIV—XVI;
816 4141 1205 4228 v=epvar1-xx).

128 4248 258 4312 adnotat
279 4232 471 4312 Hubertinus
506 4264 572 4310 sese
606 4245 763 4310 invenisse
798 4263 866 4312 eam
896 4247 1150 4314 distributionem
1173 4248 1207 4312 14

126 4350 230 4414 codice
250 4349 524 4431 „antiquissimo“.
