2694 4658
576 262 789 382 „6'8.„

146 506 213 572 iam
235 505 335 588 primo
358 504 469 571 obtutu
492 503 592 586 liquet
620 504 697 569 haec
725 504 787 568 trla
809 503 946 570 distIcha
967 504 1230 588 argumentorum

35 655 38 662 -
147 607 395 674 enarrationibus
416 607 516 672 multo
540 606 693 672 similiora
715 625 780 671 esse
796 625 889 690 quam
904 607 1069 690 prooemiis
1086 607 1227 672 scriben-

145 712 225 776 tium
249 710 286 775 ab
303 709 369 794 ipso
381 711 473 793 poeta
488 711 681 794 composItis.
698 711 779 792 quod
796 711 829 775 in
846 709 955 793 primis
971 712 1008 775 de
1024 710 1124 776 altero
1141 711 1232 776 valet

146 814 298 882 disticho:
322 816 403 896 quod
425 813 454 878 si
469 813 711 896 Hypermestrae
735 814 829 878 verba
851 832 918 878 esse
940 813 1084 890 facimus,
1107 814 1228 878 mirum

146 919 195 984 est
217 937 285 984 eam
309 918 476 1002 epistulam
499 937 587 985 suam
610 919 648 982 ab
673 937 708 983 eo
731 918 875 1000 incipere,
898 921 935 983 61
951 918 1108 1002 Lynceum
1132 918 1224 983 certi·

145 1039 230 1087 orem
252 1021 347 1087 faciat
370 1041 440 1086 eum
464 1022 566 1087 solum
582 1039 741 1103 superesse
755 1024 793 1086 de
808 1020 970 1100 1161111166,
994 1022 1111 1087 6616166
1127 1022 1230 1087 inter·

145 1124 241 1191 lectos
263 1126 372 1190 166616.
402 1126 467 1207 ipse
490 1127 572 1190 enlm
594 1127 752 1207 superiore
774 1128 862 1190 nocte
886 1124 973 1189 caedi
995 1124 1046 1188 illi
1069 1125 1230 1190 interfuit.

144 1231 303 1311 praeterea
324 1248 386 1294 non
407 1227 617 1293 omittendum
641 1229 687 1293 est
712 1229 806 1292 rerba
827 1227 889 1292 illa
918 1227 955 1291 de
977 1232 1019 1292 tot
1041 1227 1133 1291 modo
1154 1227 1230 1309 fra·-

144 1331 245 1396 ordor
266 1331 326 1396 coi
348 1331 511 1413 desumpta
533 1348 598 1395 esse
621 1350 680 1396 61.
698 1331 716 1395 7
719 1331 755 1396 3:
779 1330 879 1412 Scope
893 1350 958 1413 oye,
975 1329 1096 1408 Belide,
1113 1330 1136 1394 d
1141 1351 1157 1395 e
1171 1334 1227 1395 tot

146 1436 251 1499 modo
279 1434 485 1518 frutribus
512 1452 624 1498 ocos.
662 1434 716 1499 uhi
745 1437 832 1498 modo
862 1435 934 1516 apte
964 1436 1012 1499 est
1035 1433 1226 1511 adhibitum
1270 1508 1272 1513 ,

145 1538 283 1603 nondum
305 1539 389 1603 eninr
412 1537 921 1622 666661161111666611116666,
945 1538 1001 1602 sed
1024 1536 1131 1603 modo
1155 1536 1230 1616 erit,

146 1660 219 1706 cum
241 1642 334 1706 ceteri
357 1641 469 1707 fratres
493 1641 610 1706 circum
634 1660 705 1705 eum
727 1639 1053 1709 iaceantmorihundi
1079 1642 1172 1724 (conf.
1194 1661 1225 1707 v.

146 1744 213 1830 35).
251 1744 381 1809 ridicule
407 1745 512 1809 autem
534 1744 757 1828 Hypermestra
786 1746 857 1811 1.1
888 1747 980 1811 caede
1002 1745 1067 1808 iam
1089 1734 1243 1828 perlecta

147 1848 291 1912 etunius
314 1850 412 1911 noctis
435 1847 536 1931 spatio
559 1848 663 1928 elapso
686 1849 724 1912 ad
747 1866 819 1911 eum
842 1847 966 1914 scribit:
991 1848 1028 1911 de
1050 1852 1095 1911 tot
1116 1848 1230 1912 modo

145 1949 302 2030 fretrihos
316 1951 385 2015 6111.
410 1950 487 2015 adde
502 1950 582 2033 quod
597 1951 688 2033 plane
703 1951 833 2031 abrupte
848 1951 989 2035 pergitur
1005 1972 1034 2017 1.
1050 1951 1085 2015 3:
1106 1951 1231 2017 Clausa

146 2051 237 2116 domo
258 2056 398 2120 terreor.
422 2054 529 2118 contra
552 2053 633 2119 oonf.
650 2072 696 2135 ep.
712 2052 754 2116 ΙΙ.
771 2054 831 2117 ΠΙ.
848 2054 893 2134 Χ,
924 2072 1053 2136 quarum
1069 2057 1233 2138 prooemia

148 2155 194 2236 (in
217 2176 263 2239 ep.
286 2158 325 2223 X.
349 2177 399 2224 11.
415 2157 514 2239 3-4)
539 2159 622 2223 61616
644 2157 808 2223 cohaerent
824 2177 895 2223 oum
912 2160 1051 2226 versibus
1066 2160 1226 2242 proximis.

149 2259 207 2325 hoc
234 2261 330 2343 igitur
360 2262 515 2327 distichon
545 2260 611 2326 sine
634 2261 699 2327 ullo
722 2261 817 2327 dubio
841 2263 1040 2346 grammatici
1064 2264 1227 2330 cuiusdam

147 2380 223 2446 opus
240 2366 287 2429 est
302 2364 522 2449 argumentum
537 2364 688 2447 epistulae
704 2365 884 2431 enarraturi.
918 2378 985 2430 non·
996 2367 1100 2432 minus
1115 2386 1231 2452 graves

148 2467 336 2550 suspiciones
360 2469 528 2534 mouendae
551 2468 624 2532 sunt
647 2471 684 2533 de
707 2454 860 2555 disticho,
893 2470 974 2550 quod
997 2471 1156 2554 praecedit
1179 2492 1225 2554 ep.

147 2569 227 2636 XIII
243 2572 382 2654 quodque
405 2572 469 2637 iam
492 2569 655 2655 aMioyllo
679 2571 821 2653 spurium
842 2571 1014 2637 iudicatum
1036 2577 1094 2638 est.
1117 2574 1152 2639 in
1168 2594 1226 2659 quo

148 2679 273 2759 praeter
306 2695 357 2758 ea,
392 2697 469 2760 quae
503 2697 598 2761 supra
620 2677 790 2759 deprimis
813 2697 880 2761 epp.
905 2678 995 2743 XIII.
1018 2678 1108 2744 XIV.
1131 2678 1229 2743 XVII

149 2778 291 2844 distichis
315 2781 467 2864 diximus,
497 2783 644 2846 intricata
666 2799 701 2845 ac
725 2782 802 2846 dura
825 2781 989 2847 verborum
1012 2782 1044 2846 61
1067 2784 1225 2847 oonstmo·

148 2883 234 2948 tione
257 2884 441 2950 offendimus
463 2888 494 2950 et
517 2884 729 2963 collocatione,
753 2884 841 2950 cuius
864 2884 1040 2967 exemplum
1061 2887 1094 2949 in
1116 2886 1232 2966 poetae

148 2985 359 3052 Romanorum
383 2988 610 3072 elegantissimi
634 2989 777 3073 operibus
799 2984 1032 3054 non'inveuies.
1056 3005 1148 3069 porro
1163 2987 1225 3052 Mi·

152 3090 252 3172 cyllus
274 3091 447 3156 rectissime
463 3091 607 3175 cognovit
622 3092 680 3156 hoo
697 3091 853 3157 distichon
869 3091 1065 3174 interpolatis
1080 3089 1147 3155 illis
1163 3109 1232 3155 esse·

150 3191 365 3257 simillimum:
400 3195 537 3260 vidimus
566 3195 650 3260 eninr
673 3214 783 3277 supra,
806 3198 1007 3277 -quantopers
1044 3196 1231 3261 adamarent

150 3294 388 3377 interpolatores
410 3299 694 3382 patronymicorum
722 3317 815 3364 usum
852 3297 942 3381 (conf.
966 3297 1000 3362 in
1022 3299 1133 3383 primis
1155 3317 1231 3384 pro·

151 3398 246 3464 oemii
269 3399 449 3484 interpolati
478 3420 524 3482 ep.
547 3399 594 3464 XI
616 3419 645 3466 1.
672 3407 704 3466 l:
737 3401 846 3466 Aeolis
867 3400 1015 3465 Aeolidae
1044 3402 1075 3465 61
1102 3403 1136 3466 in
1171 3403 1233 3468 hoo

150 3501 284 3568 disticho
298 3521 328 3566 1.
344 3504 380 3568 2:
396 3504 567 3568 Hoemoao's
582 3503 781 3589 Haemoor'o).
806 3503 988 3569 oerhssimis
1011 3505 1119 3570 autem
1134 3523 1227 3588 argn-

152 3605 267 3671 mentis
290 3607 443 3673 evincitur
465 3607 638 3673 insiticium
653 3627 720 3672 esse
736 3608 873 3691 primum
890 3627 936 3690 ep.
951 3607 1045 3672 XVII
1061 3608 1228 3674 distichon.

152 3709 314 3775 mittamus
339 3711 526 3793 suspicIones
558 3729 650 3794 supra
679 3711 716 3776 de
739 3711 839 3776 trihus
861 3710 927 3775 illis
950 3710 1092 3776 dIstichis
1114 3717 1232 3792 motas,

150 3813 319 3879 mittamus·
337 3814 481 3896 ineptias,
504 3834 581 3897 quae
605 3817 712 3879 insunt
734 3814 768 3878 in
791 3835 819 3879 1.
843 3815 879 3879 2:
904 3815 1030 3899 gravius
1052 3813 1101 3879 his
1125 3817 1227 3881 omni·

23 3972 27 3979 .
152 3917 208 3981 bus
242 3918 381 3983 codicum
416 3920 501 3984 valet
533 3918 713 3983 auotoritas.
752 3919 810 3983 hoo
831 3919 987 3983 distichon
1010 3918 1094 3983 enim
1116 3922 1227 3985 6111.

151 4021 236 4085 XIV.
261 4021 301 4086 62
324 4025 355 4086 61
382 4021 442 4086 113
472 4020 565 4106 (conf.
590 4024 620 4102 ξ.
644 4022 678 4109 6)
702 4019 839 4104 primum
863 4022 895 4086 in
919 4024 947 4090 G
971 4022 1119 4106 emergit,
1155 4042 1228 4089 oum

151 4143 248 4208 noque
270 4124 303 4189 in
326 4128 352 4191 P
375 4142 458 4191 am.
484 4125 500 4188 1
525 4143 624 4206 neque
648 4124 682 4189 in
704 4126 732 4190 V
755 4124 946 4192 inveniatur.
976 4126 1008 4191 in
1030 4128 1056 4192 P
1077 4127 1229 4191 autema

149 4246 246 4294 manu
267 4229 483 4294 recentissima
506 4232 664 4294 exaratum
687 4231 750 4307 est,
778 4229 812 4293 in
836 4229 864 4292 V
893 4231 983 4312 plane
1007 4229 1103 4296 deest.
1142 4230 1228 4296 certe
