2694 4658
631 314 843 379 ..76-

314 492 329 518 ”
337 500 489 585 Oouiupis
503 501 540 564 iu
553 503 672 584 premio
686 502 854 567 muliebrio
865 521 967 583 pereso
980 501 1126 568 trahebas

190 605 295 674 effecit
318 605 549 687 pentametrum

372 706 523 791 Oouiupis
539 707 575 772 iu
588 709 705 791 premio
720 708 820 773 debito
830 726 933 789 peusu
948 708 1085 773 teuteus.

190 810 351 895 praecedit
373 810 472 894 igitur
494 810 527 874 in
549 811 668 892 aliquot
691 810 781 876 libris
796 810 895 878 Jahni
911 830 939 876 v.
957 812 998 877 83
1021 811 1180 878 distichon
1196 811 1270 878 hoc:

366 913 516 995 Turpiter
533 913 600 995 ipse
615 913 693 978 otiis
706 915 860 997 refermus
874 914 965 980 uerbo
977 914 1095 995 puellis

411 1016 561 1100 Couiupis
575 1017 612 1080 iu
625 1019 745 1100 premio
758 1018 863 1082 dedito
872 1036 976 1099 peusu
990 1017 1128 1083 trotteus.

190 1122 250 1188 duo
274 1121 331 1187 illa
353 1122 573 1205 supplements
603 1122 710 1187 eutem
740 1140 847 1187 versus
870 1121 910 1186 81
942 1121 1086 1187 videntur
1116 1119 1271 1203 adscripto
1314 1206 1317 1211 .

189 1225 288 1292 fuisse
309 1225 343 1289 in
367 1224 533 1310 archetypo
556 1225 671 1291 codicis
695 1244 740 1311 v„
771 1224 824 1308 qui
845 1224 971 1308 insuper
993 1227 1157 1307 vulgatam
1179 1224 1271 1289 huius

189 1348 298 1395 versus
322 1328 454 1393 formam
477 1328 652 1395 exhibebat.
676 1346 808 1410 cumque
824 1329 938 1393 iterum
952 1328 1182 1410 requirerentur
1197 1346 1271 1410 pen·

188 1433 325 1516 tametri,
349 1432 548 1514 grammatici
571 1451 661 1497 vorsu
685 1432 726 1497 82
748 1431 898 1515 genuino:

395 1554 480 1618 riute
489 1553 585 1634 pedes
599 1553 746 1617 domiuoe
757 1553 956 1634 pertimuisse
971 1553 1077 1617 miuus

189 1675 238 1741 bis
262 1674 375 1741 leuiter
396 1674 517 1739 mutato
541 1674 618 1740 huso
641 1674 701 1739 duo
724 1673 937 1740 confinxerunt
959 1674 1110 1740 disticho:

276 1797 317 1880 (I)
342 1795 489 1877 Dumque
500 1815 603 1885 porus
617 1795 751 1878 verium,
764 1795 863 1877 pudet
877 1816 916 1860 eu
931 1795 1031 1860 cetuto
1046 1815 1173 1878 ucpure,
1223 1871 1229 1883 x

282 1941 285 1946 ,
388 1899 473 1964 Aute
482 1886 576 1980 pedes
591 1899 737 1963 domiuoe
746 1899 949 1981 procubuisse
962 1903 1042 1964 tuuc.

219 2055 228 2067 „
260 2001 319 2087 (ΙΙ)
343 2002 418 2066 Nou
434 2003 561 2084 impuue
576 2006 698 2067 tumea:
710 2001 854 2084 famulae
869 2021 945 2066 uum
961 2021 1043 2066 more
1056 2002 1230 2068 recumbis:

388 2094 517 2171 Diceris
532 2109 560 2170 ct
574 2105 720 2169 domiuus
730 2105 930 2185 pertimuisse
945 2106 1052 2169 miuus

84 2311 88 2319 Ι
191 2226 324 2308 quaein
347 2245 378 2313 u¹
404 2227 554 2310 leguntur
583 2227 705 2309 praeter
726 2245 776 2290 vv.
800 2227 851 2293 81.
876 2225 933 2311 82,
968 2226 998 2291 et
1031 2225 1117 2308 prius
1144 2223 1272 2308 quidem

101 2384 103 2394 .
189 2328 347 2400 distichon
369 2331 440 2413 post
461 2349 490 2395 v.
515 2331 571 2413 80,
596 2329 730 2393 alterum
754 2347 825 2394 vero
846 2333 917 2411 post
939 2348 969 2393 r.
993 2329 1050 2408 68;
1086 2328 1147 2393 fuit
1170 2327 1270 2414 igitur

188 2433 223 2497 in
246 2433 414 2516 archetypo
436 2431 469 2497 in
492 2433 632 2515 margine
655 2432 847 2515 adscriptum
870 2435 902 2496 ct
923 2434 1029 2514 postea
1051 2431 1131 2497 falso
1153 2431 1221 2497 loco
1238 2433 1270 2497 in

188 2536 310 2602 tentum
328 2535 456 2601 illatum
473 2536 528 2601 est.
544 2535 698 2601 distichon
714 2535 731 2598 I
746 2536 850 2600 autem
869 2535 982 2600 leviter
997 2535 1155 2600 mutatum
1172 2534 1268 2600 etiam

193 2640 225 2704 in
248 2664 283 2725 γΩ
308 2644 379 2735 post
402 2659 430 2743 y.
455 2639 497 2704 82
520 2639 613 2704 extat.

650 2759 706 2841 Ep.
729 2759 816 2824 XIV.

290 2900 318 2945 v.
340 2880 381 2945 47
406 2900 451 2963 sq.
475 2882 549 2947 heac
572 2884 680 2947 narrat
702 2882 940 2964 Hypermestra:

332 3000 468 3064 Admovi
482 3000 592 3083 iuputo
609 3039 646 3050 -
664 3001 733 3064 siue
747 3021 795 3066 me
810 3001 868 3066 tibi
882 3022 957 3066 uero
970 3002 1068 3083 fateri
1082 3038 1123 3047 -

382 3103 519 3168 Admovi
535 3103 642 3187 iuputo
656 3102 719 3169 telo
729 3109 870 3184 puteruu
887 3109 949 3171 tuo.

189 3241 259 3287 cum
283 3223 373 3288 ambo
396 3243 502 3289 uersus
525 3223 564 3288 ab
581 3224 692 3290 iisdem
708 3226 810 3291 verbis
825 3226 987 3310 incipiant,
1010 3244 1072 3290 non
1087 3226 1205 3292 mirum
1221 3227 1271 3293 est
1330 3246 1332 3251 ·

189 3345 225 3391 cx
247 3324 327 3390 libro
350 3325 482 3407 quodam
503 3325 639 3409 priorem
655 3327 811 3394 excidisse.
834 3347 929 3411 quam
944 3330 1088 3394 lacunam
1104 3334 1271 3396 servarunt

190 3428 206 3492 f
211 3448 254 3515 v13
278 3428 311 3493 in
334 3429 422 3515 edg¹
442 3447 508 3514 ov⁹
522 3449 554 3516 v³
568 3449 601 3514 v⁴
616 3450 648 3517 v⁵
662 3455 696 3516 p⁵²
709 3448 743 3516 g⁵²
755 3451 789 3516 g³
809 3451 833 3518 o¹
852 3450 881 3518 (εΩ
894 3456 920 3519 e¹
946 3431 993 3497 ite
1015 3431 1137 3515 expleta
1160 3435 1226 3500 est:

343 3549 389 3613 At
403 3569 515 3615 rursus
530 3551 658 3616 mouitis
673 3553 822 3633 iussuque
836 3558 943 3618 coactu
952 3554 1110 3633 percutis.
1183 3632 1186 3641 Ι

188 3670 260 3734 int
280 3670 363 3743 iiaz,

345 3772 488 3837 Tuudem
501 3773 583 3839 uictu
597 3775 659 3840 mei
674 3794 766 3838 suero
782 3774 953 3856 formidiue
962 3777 1079 3857 putris.

85 3954 90 3961 .
188 3912 265 3975 quae
289 3894 414 3975 quidem
437 3895 654 3978 supplementa
676 3897 752 3962 alias
774 3899 976 3979 procrearunt
997 3897 1273 3980 interpolationes.

187 3997 313 4081 irrepsit
335 3997 418 4064 enim
442 4017 572 4079 versus,
604 3999 706 4081 qualis
730 4001 883 4080 setini,
912 4002 945 4066 in
968 4000 1120 4084 codicem,
1151 4000 1185 4065 in
1208 4021 1273 4084 quo

188 4115 216 4164 v.
228 4101 269 4165 47
293 4103 418 4183 quidem
443 4104 550 4167 aderat
572 4102 736 4186 genuinus,
761 4124 790 4170 v.
806 4104 848 4170 48
871 4105 978 4171 tamen
1000 4106 1106 4170 eadem
1123 4103 1160 4169 de
1177 4122 1274 4173 conss

187 4221 248 4286 qua
270 4206 303 4269 in
327 4204 398 4271 aliis
420 4226 448 4271 v.
473 4206 514 4270 47
537 4205 747 4272 interciderat.
785 4193 856 4274 cum
878 4209 976 4293 igitur
998 4226 1106 4274 versus
1127 4208 1176 4274 ita
1197 4227 1271 4276 sese

186 4306 380 4390 exciperent:
