2694 4658
642 296 853 360 ,18-

210 505 285 550 num
308 487 372 550 sint
394 485 523 551 metrica
546 486 650 569 qualia
672 484 766 569 supra
781 485 1100 566 commemoravimus,
1124 503 1185 550 non
1201 503 1291 550 com-

209 590 333 673 pertum
356 589 459 654 habeo.
483 588 602 653 omittit
623 588 674 654 hic
698 588 777 653 liber
800 608 877 671 quae
901 587 1062 654 dothanus
1085 590 1177 670 prior.

312 692 483 777 Utriusque
517 693 592 758 libri
627 693 793 758 collatione
822 711 898 759 usus
927 711 996 757 sum
1020 692 1234 758 Kninoeliana
1256 692 1289 758 in

211 796 343 861 editione
366 795 520 862 Loersii
544 794 663 877 (Oolon.
690 796 774 861 1829
796 796 855 880 sq.)
880 815 1031 878 expressa.

505 987 536 1065 ξ.
562 987 592 1051 7.
618 987 666 1051 De
690 987 808 1051 codiee
832 985 1000 1051 Hennensi.

312 1122 414 1189 Codex
429 1122 643 1188 Bernensis
669 1123 757 1205 (512)
783 1127 831 1188 est
853 1125 1104 1189 membranaceus
1120 1143 1196 1190 saec.
1209 1125 1292 1190 XIII

211 1228 355 1292 constans
373 1227 458 1291 foliis
475 1226 538 1292 152
554 1227 672 1292 formae
688 1228 823 1293 octavae.
848 1229 987 1294 continet
1001 1233 1123 1312 praetor
1138 1229 1291 1294 Heroides

210 1329 292 1395 inter
323 1331 387 1395 alia
408 1330 563 1395 Matthaei
586 1329 826 1396 Vindocinensis
848 1330 979 1396 Tobiam
1008 1350 1078 1396 cum
1108 1333 1291 1411 commento,

210 1434 245 1496 in
267 1434 355 1498 cuius
377 1433 438 1497 fine
461 1452 479 1497 5
501 1432 628 1498 11515115
651 1433 834 1500 adnotatum
858 1441 920 1502 eat:
950 1437 1014 1501 Iste
1038 1435 1115 1500 tiber
1132 1438 1293 1518 perfectos

209 1537 275 1619 fut't
290 1557 376 1601 5555
392 1536 529 1602 Domioc'
549 1535 605 1601 ΜΘ
621 1536 691 1603 000
705 1541 882 1622 octopest'uco
907 1541 1041 1605 555515
1056 1541 1171 1624 cipitia
1187 1541 1293 1606 555511

211 1639 357 1720 etepboai
374 1639 636 1722 prothomartyri.
672 1639 740 1706 Deo
766 1645 900 1725 proiice.
936 1653 1081 1709 secuntur
1104 1645 1183 1708 duae
1206 1644 1290 1709 vitae

80 1794 84 1802 .
212 1743 334 1820 Ovidii,
368 1762 433 1808 una
454 1745 611 1826 prosaica,
637 1745 737 1811 altera
759 1747 900 1812 versibus
923 1746 1087 1813 trochaicis
1111 1747 1292 1828 composita,

211 1847 344 1913 disticha
355 1845 480 1913 Catonis
504 1867 574 1913 oum
591 1849 714 1933 glossis
738 1850 800 1915 alia
811 1847 860 1934 19).
877 1850 1050 1916 Heroidum
1066 1869 1177 1933 corpus
1194 1852 1225 1916 et
1241 1850 1292 1915 in-

211 1949 380 2033 scriptione
403 1952 487 2016 caret
510 1957 541 2016 et
571 1952 816 2034 subscriptione3
852 1954 948 2019 etiam
976 1953 1119 2039 singulae
1142 1954 1293 2020 Heroides

212 2072 312 2135 neque
333 2053 505 2136 inscriptae
528 2074 626 2138 neque
656 2057 850 2138 subscriptae
878 2059 962 2124 sunt.
1002 2057 1182 2122 scatethic
1212 2058 1294 2146 liber

212 2156 325 2240 glossis
348 2162 380 2221 et
409 2157 504 2222 variis
533 2158 732 2225 lectionibus.
766 2160 872 2226 omissi
895 2179 944 2226 vr.
969 2160 1011 2224 Il.
1037 2161 1185 2226 18-19,
1220 2161 1293 2227 XV.

213 2258 372 2326 39-142.
395 2260 463 2324 XX.
489 2263 646 2327 13-248.

314 2363 466 2448 Excerpta
495 2365 707 2432 intercedente
737 2367 921 2431 Hartelio
948 2366 1084 2453 benigne
1112 2367 1294 2433 transmisit

215 2469 262 2535 vir
284 2467 482 2534 doctissimus
506 2469 712 2535 Arminius
735 2470 884 2554 Hagen.

491 2659 522 2737 ἓ.
546 2660 580 2724 8.
606 2660 654 2724 De
678 2659 797 2724 codice
820 2658 1011 2723 Trevireno.

316 2797 418 2864 Codex
449 2797 686 2864 Treviranus
719 2798 973 2862 membranaceus
1008 2816 1032 2862 e.
1055 2797 1136 2862 XIII
1171 2798 1296 2862 constat

214 2896 299 2967 foliis
322 2901 364 2966 53
387 2901 504 2966 formae
527 2901 696 2983 quadratae
719 2900 858 2967 minoris.
897 2899 949 2964 hic
971 2900 1052 2966 liber
1075 2900 1129 2965 diu
1152 2901 1292 2965 tenebris

215 3006 306 3087 plane
329 3005 459 3069 obrutus
482 3004 577 3068 latuit
599 3004 683 3069 inter
705 3004 866 3069 thesauros
890 3003 1034 3069 abbatiae
1058 3003 1296 3088 antiquissimae

215 3110 254 3173 ad
277 3107 323 3172 st.
347 3106 486 3172 Mathiae
510 3106 703 3173 Trevirensis
727 3107 830 3192 (cond.
857 3107 969 3190 1148),
1006 3108 1104 3172 511115
1121 3107 1178 3173 sub
1201 3107 1295 3173 huius

216 3210 333 3276 saeculi
362 3209 489 3275 initium
518 3228 536 3274 a
559 3209 800 3294 Wyttenbachio
830 3210 863 3274 in
889 3210 1112 3276 bibliothecam
1134 3210 1296 3293 publicam

216 3314 387 3379 translatus
409 3313 515 3397 ibique
537 3331 556 3377 5
577 3313 703 3378 Loersio
726 3316 867 3397 repertus
890 3315 953 3391 eet,
989 3313 1077 3378 ouius
1105 3332 1217 3397 sequor
1240 3313 1295 3379 de-

216 3418 419 3502 scriptionem
442 3416 711 3483 accuratissimam
722 3415 768 3497 13).
802 3417 947 3484 foliorum
969 3418 1012 3483 53
1035 3417 1133 3483 codici
1157 3418 1216 3481 duo
1240 3417 1296 3483 alii
1326 3482 1328 3486 ,

216 3522 290 3587 11511
314 3522 417 3588 adsuti
440 3525 515 3586 sunt
537 3521 622 3605 iique
644 3521 841 3600 vetustiores,
877 3539 1008 3603 quorum
1031 3523 1115 3603 prior
1137 3519 1295 3586 Prisciani

216 3627 293 3692 libb.
309 3625 565 3705 XVII-XVIII,
589 3625 670 3692 alter
691 3626 791 3692 Persii
814 3625 924 3692 satiras
948 3625 1096 3690 continet.
1121 3623 1295 3691 Heroidum

164 3782 167 3788 .
215 3730 310 3795 codex
333 3734 438 3795 autem
459 3732 525 3795 tam
548 3729 681 3794 minutis
703 3729 838 3811 scriptus
860 3729 907 3794 est
922 3730 1048 3806 litteris,
1072 3731 1108 3794 ut
1123 3729 1295 3794 15155151-

213 3833 334 3899 siculus
363 3833 414 3898 vin
442 3851 535 3914 supra
563 3832 693 3898 tertiam
719 3832 855 3916 paginae
877 3831 1057 3898 latitudinis
1083 3835 1206 3915 partem
1233 3832 1294 3896 im·

217 3997 421 4008 —-—--—-

322 4070 352 4137 ¹²)
371 4066 447 4122 Ocni.
465 4065 567 4135 Hagen,
587 4064 733 4134 catalogus
751 4064 870 4119 codicum
888 4065 1063 4119 Beruensium
1083 4063 1195 4131 (Bernae
1216 4067 1294 4132 1814)

216 4172 241 4224 p·
260 4162 352 4309 43¹3³)
365 4240 512 4310 Descripsit
524 4239 647 4294 Loersius
660 4237 778 4294 codicem
790 4239 907 4306 primum
919 4239 946 4292 in
959 4240 1158 4306 programmate
1169 4254 1295 4307 gymnas.

215 4326 308 4419 Gelon.
327 4343 343 4381 a
363 4331 429 4382 leat
447 4329 474 4382 et
492 4326 625 4396 copiosius
643 4325 751 4395 quidem
769 4341 848 4395 quam
866 4326 959 4394 postea
976 4325 1005 4378 15
1024 4323 1141 4379 editione
1160 4340 1218 4379 sua.
