2694 4658
565 294 759 359 ,4-

226 475 272 539 Er
294 477 423 560 reliquis
439 478 527 545 libris
542 481 703 565 Parisinis‚
727 481 782 565 qui
796 481 949 547 Heroides
963 481 1119 559 exhibent,
1143 480 1205 546 duo

124 581 156 642 et
170 578 203 642 hi
220 579 343 663 quidem
366 600 401 645 ou
416 586 503 665 parte
518 585 643 650 tantum
658 585 736 650 mihi
751 586 965 665 innotuerunt,
988 585 1110 651 soilioet
1125 603 1205 668 quos

124 681 283 749 Diltheius
306 684 450 750 adhibuit
472 688 505 751 in
527 708 618 755 usum
641 689 785 756 editionis
801 689 1011 774 epistularum
1026 687 1115 754 xlx,
1130 687 1199 753 XX.

124 785 290 869 descripsit
318 790 422 853 autem
450 789 498 854 vir
526 792 635 857 doetus
665 793 721 858 hos
743 791 841 858 libros
863 792 946 857 huno
968 791 1002 855 in
1024 787 1203 871 modum²J2

4 885 115 980 iffi}
226 889 255 955 2.
290 889 509 957 Por-tsiuus
543 897 630 959 7994
652 895 728 960 ottus
751 894 969 959 Meutetiouus
990 900 1074 958 soon
1094 893 1203 958 ΧΙΠ,

21 992 63 1046 (n)
123 993 275 1074 epistulae
300 993 373 1059 XX
394 995 499 1081 (xlx)
527 996 747 1063 desiderantur
768 1018 874 1064 uersus
896 998 1012 1062 1215
1033 996 1112 1079 folio
1133 1015 1201 1060 uuo

125 1100 195 1184 (23)
219 1098 396 1182 tuteroepto.
414 1105 487 1180 post
507 1106 593 1165 o.12
614 1102 762 1179 epistulae
781 1101 875 1166 XXI
889 1099 975 1187 (XX)
990 1099 1204 1181 subscriptum

123 1207 184 1268 est:
212 1200 360 1285 Eupto’oo't
384 1201 516 1267 Ouidius
543 1204 746 1284 epsuouruu
773 1205 896 1286 Iuoo'po't
922 1204 1025 1268 motio
1053 1202 1200 1268 eiusdem.

125 1305 241 1371 desinit
270 1305 322 1371 hio
355 1306 437 1371 liber
471 1306 505 1371 in
540 1308 740 1405 ep.·XX.v.
766 1308 944 1374 lavarias
977 1307 1129 1373 leetioues
1164 1308 1205 1371 ab

124 1412 260 1477 Holdoro
282 1412 424 1475 enotatas
446 1429 482 1474 ex
503 1410 624 1475 Dilthei
647 1411 784 1477 editione
808 1410 995 1494 deprompsi.

53 1519 115 1612 ‘³¹32'
227 1514 257 1578 3.
296 1511 521 1578 Parisinus
552 1519 639 1583 7997
672 1513 914 1599 (Mouariueus)
947 1512 1208 1579 uuurauouue

124 1615 242 1682 soeoutu’
264 1615 334 1681 XV
350 1619 491 1682 eueuutis
511 1616 557 1681 oet
576 1617 669 1683 XVI
680 1618 770 1693 foliis
790 1623 934 1683 ooustous
954 1617 1207 1684 ressontium-

124 1725 178 1785 tur
195 1718 301 1784 Ouidii
314 1720 537 1804 „epistolarum
553 1719 630 1785 libri
646 1720 727 1785 ΙΙΙ“
745 1721 815 1804 (sio)
832 1740 953 1785 umores
968 1719 1037 1784 Ibis
1051 1719 1206 1801 soppuu

124 1821 256 1906 epistota
277 1843 333 1887 ors
354 1823 489 1887 omoude'
511 1828 539 1888 et
560 1823 707 1889 remedio.
731 1861 773 1871 —-
801 1825 918 1888 desiuit
939 1824 977 1888 tu
997 1844 1025 1888 u.
1048 1827 1114 1903 144
1136 1823 1207 1906 epi·

125 1927 226 1991 stutoe
244 1925 405 2008 Cydippae
420 1947 490 1990 ouou
504 1927 742 2007 subscriptioue:
759 1930 795 1992 P.
810 1925 918 1992 Ouidii
934 1927 1077 1991 Nosouis
1090 1927 1204 2008 episto-

125 2030 239 2095 toruu-
256 2030 334 2094 tiber
352 2030 434 2111 duit.
458 2031 488 2094 u's
510 2029 602 2094 oodeu
623 2031 677 2094 utu
698 2031 806 2095 dubito
829 2031 910 2113 quiu
925 2031 967 2096 sit
982 2030 1210 2097 Sorraoo'ouus

125 2133 262 2212 Heiusii,
285 2151 477 2213 quouequoou
504 2127 611 2197 euriae
634 2132 776 2198 lentinuus
797 2154 835 2198 eu
858 2135 1057 2200 Sorrouiouo
1080 2137 1122 2199 ob
1144 2133 1203 2199 illo

125 2237 245 2302 altatae
265 2236 434 2315 qdeutidem
455 2237 645 2317 discrepant.
677 2237 730 2301 sed
752 2237 874 2301 uidetou
895 2237 945 2302 bio
967 2257 1086 2319 quoque
1107 2237 1209 2302 uuu-

126 2341 202 2406 dou
225 2339 350 2403 diuerso
372 2339 557 2422 ooufudtsse.
723 2416 726 2423 σ

229 2443 327 2508 Doleo
351 2461 387 2507 en
409 2443 466 2506 hoo
487 2441 569 2507 libro
591 2441 671 2507 mihi
693 2461 755 2507 non
778 2443 849 2525 plus
867 2444 929 2508 144
952 2461 1057 2508 versus
1080 2461 1128 2525 ep.
1144 2441 1209 2506 XX

125 2548 297 2612 innotuisse
319 2546 358 2610 ab
382 2545 518 2610 Hoidero
541 2545 573 2609 in
596 2545 717 2610 Dilthei
741 2563 834 2610 usum
856 2547 1007 2625 enotstos.

108 2796 117 2810 ,
160 2735 190 2813 ξ.
214 2736 245 2800 2.
281 2735 331 2798 De
354 2735 496 2816 „codiee
520 2734 793 2820 Langobardioo“
817 2739 851 2798 ot
873 2734 915 2799 do
938 2695 1160 2811 ‚,nnembranis

147 2839 336 2903 veteribus“
359 2839 505 2903 suetonis
529 2838 718 2903 [doctorum
742 2838 814 2901 usui
839 2834 976 2902 soboles
1001 2836 1190 2901 [tenensis.

227 2977 349 3040 Horum
364 2975 504 3040 oodioum
520 2994 615 3058 poene
631 2976 840 3060 mythioorum
852 2994 947 3058 quarn
958 2972 1093 3039 maxime
1105 2975 1211 3039 laetor

126 3079 204 3145 mihi
226 3096 288 3143 non
311 3079 412 3143 solum
434 3080 674 3160 descriptionem
697 3080 751 3144 sed
774 3080 961 3163 antiquioris
975 3078 1091 3144 oodiois
1108 3078 1206 3144 etiam

126 3182 325 3248 oollationem
348 3182 509 3264 suppetere
533 3182 810 3247 accuratissimam.
835 3200 968 3265 quorum
990 3182 1145 3247 librorum
1169 3201 1208 3246 ex

125 3284 231 3351 Ovidii
247 3285 418 3350 editoribus
433 3285 552 3366 primus
567 3285 758 3350 mentionem
773 3285 848 3350 feeit
863 3286 975 3350 Petrus
991 3284 1204 3351 Burmannus.

125 3388 159 3454 in
174 3388 335 3453 Addendis
351 3389 437 3452 enim
452 3387 491 3453 ad
507 3387 613 3452 Ovidii
629 3388 797 3453 editionem
824 3390 911 3471 (tom.
924 3387 981 3452 IV.
998 3408 1027 3471 p.
1045 3387 1107 3452 241
1122 3389 1203 3471 sqq.)

126 3493 276 3560 nonnulla
297 3492 384 3557 dedit
408 3492 549 3575 excerpta
570 3510 606 3556 ex
628 3492 709 3556 libro
732 3494 881 3574 quodam,
911 3509 1003 3573 quem
1034 3489 1208 3574 appellavit

128 3596 240 3660 Electa
267 3594 452 3660 Etoueusio.
487 3596 620 3661 eundem
647 3595 763 3660 librum
791 3595 830 3658 ud
858 3593 992 3658 Phaedr.
1022 3581 1078 3658 IV.
1111 3593 1161 3658 18.
1184 3592 1233 3656 4.

128 3701 404 3767 oommemoratum
438 3699 487 3764 vir
519 3698 626 3763 doetus
661 3698 800 3781 appellat
834 3696 947 3762 Electa
975 3695 1050 3761 usui
1082 3695 1209 3760 subotae

127 3802 304 3868 Etoueuso's.
328 3802 414 3867 ouius
437 3802 510 3867 libri
532 3803 638 3869 auctor
660 3803 699 3865 ad
722 3820 769 3884 ep.
792 3800 818 3867 Ι.
836 3801 864 3865 1.
888 3802 970 3882 apud
986 3799 1205 3863 Burmannum

127 3910 202 3975 haeo
229 3906 322 3973 dicit:
356 3906 565 3971 Membruuue
592 3904 866 3987 Loupobuudtcoe‚
900 3903 1012 3985 quobus
1048 3901 1211 3966 Remedio-

127 4006 338 4078 oueoro's'ouuo
359 4014 472 4090 septem
492 4008 631 4089 epistolis
652 4007 823 4072 uueutur:
849 4005 899 4070 uit
921 4005 1001 4070 utut
1018 4053 1113 4073 .....
1144 4010 1204 4072 ete.

126 4116 210 4182 idem
232 4115 326 4198 paulo
355 4115 426 4197 post
452 4114 491 4178 ed
513 4133 541 4180 v.
567 4116 621 4179 16:
656 4112 788 4176 Dolores
814 4110 901 4175 bobet
929 4110 1013 4175 idem
1040 4109 1095 4175 uu
1124 4110 1206 4176 taber

95 4367 98 4373 .
232 4330 466 4398 anepos
