2694 4658
580 279 912 344 ..35-.

249 465 294 529 At
311 466 413 529 Veuus
433 465 490 544 tuoe
510 470 605 545 poeto
627 470 670 530 est
692 471 719 530 et
743 467 779 530 iu
800 466 887 531 ottae
901 465 1036 531 uultibus
1051 466 1129 531 Idoe

303 569 379 633 Tres
400 569 457 633 tibi
476 589 510 633 se
532 569 637 660 uudos
659 570 821 637 exhibuere
843 570 936 634 deoe:

253 671 388 752 -Uuoque
410 693 480 736 euru
503 693 645 756 reguum,
670 673 743 738 tetii
765 674 853 738 duret
875 673 977 737 attero
992 672 1127 752 laudere,

300 775 521 856 „Tyndaridis
543 777 702 841 eouiuuu‘
725 777 819 840 tertio
841 776 924 840 otuu
947 777 1058 853 „erist
1186 823 1190 831 ,

255 879 383 943 Credere
404 879 456 943 uie
479 877 619 960 equidem
640 879 783 952 eoelestia
806 899 937 959 corporo
955 898 1083 956 possum

300 983 446 1047 Arbitrio
468 983 605 1065 forruoru
628 985 826 1064 supposuisse
848 987 910 1047 tuo.
1202 1056 1203 1064 ἵ

251 1077 353 1166 'thue
373 1086 414 1149 sit
437 1085 491 1150 too
512 1105 627 1166 ueruru,
652 1091 728 1150 oerte
748 1106 828 1168 pors
849 1085 952 1151 utteru
972 1086 1046 1168 tioto
1068 1089 1120 1168 est,

299 1188 422 1253 Iudicii
439 1189 581 1269 pretium
604 1209 668 1269 quo
690 1189 768 1253 doto
790 1190 877 1254 dicor
899 1207 959 1271 epo.

144 1293 228 1357 unde
250 1292 391 1377 gentium
408 1292 531 1358 Helena
545 1294 621 1358 haee
637 1294 740 1358 omnia
757 1294 929 1374 comperit?
953 1290 1113 1357 videamus
1128 1291 1222 1374 paulo
1335 1280 1339 1286 ’

140 1397 229 1462 infra
251 1416 302 1461 vv.
329 1397 390 1462 195
412 1415 493 1479 sqq.:

276 1499 326 1563 Tu
348 1518 465 1580 quoque
487 1500 634 1564 dilectore
656 1500 769 1565 multos
791 1500 890 1582 iutide
907 1519 967 1582 per
989 1518 1093 1563 ouuos

350 1602 478 1669 Diceris
502 1605 649 1669 Oeuoueu
671 1604 844 1668 destituisse
866 1609 972 1668 tuero:

274 1707 340 1772 Nee
361 1711 466 1771 touieu
490 1708 555 1788 ipse
576 1728 681 1791 uepus.
705 1713 733 1774 et
755 1710 847 1773 uobis
868 1709 975 1772 ouiuio
998 1707 1035 1771 de
1057 1711 1103 1794 te·

353 1813 506 1893 Quaerere
527 1812 556 1875 si
577 1812 686 1891 uesois,
710 1812 854 1875 uouiruu
876 1831 955 1875 euru
975 1810 1048 1900 fuit.

139 1915 267 1980 duabus
290 1915 388 1994 igitur
410 1913 584 1981 rationibus
600 1916 720 1981 Helena
742 1915 893 1997 comperit
912 1912 1056 1979 Oenonen
1080 1912 1223 1978 aParide

144 2018 349 2083 dest‘tutam:
384 2021 416 2081 et
449 2036 503 2100 per
535 2016 638 2100 ipsum
661 2018 806 2084 Paridem
828 2022 860 2082 et
882 2036 936 2100 per
959 2018 1052 2094 alios,
1086 2033 1162 2098 quos
1185 2015 1221 2079 de

144 2121 205 2185 hae
227 2140 259 2186 re
281 2120 538 2205 interrogaverat.
577 2124 608 2186 et
636 2121 771 2186 alterum
800 2122 926 2204 quidem
954 2125 1038 2185 reete
1061 2138 1093 2184 se
1116 2118 1219 2192 habet,

145 2225 229 2290 unde
251 2226 357 2290 autem
385 2225 523 2289 innotuit
545 2224 682 2289 Helenae
704 2225 849 2290 Paridem
878 2225 981 2308 ipsum
1014 2222 1221 2308 proditionem

149 2347 241 2393 suam
252 2328 411 2410 profiteri?
435 2327 481 2391 nil
504 2328 630 2393 omnino
647 2328 685 2393 de
701 2326 827 2392 Oenone
844 2329 952 2393 narrat
967 2326 1065 2400 Paria,
1083 2325 1111 2390 si
1127 2325 1222 2389 omit-

144 2433 255 2496 tuntur
279 2450 328 2497 vu.
352 2430 419 2494 XV.
444 2431 613 2496 39-142.
637 2430 753 2513 optime
776 2432 880 2496 autem
903 2449 968 2495 rem
992 2429 1220 2510 explicantur.

144 2535 188 2601 95
210 2553 274 2617 sqq.
301 2531 456 2618 (Heius.):

232 2655 313 2746 ⁴Nee
335 2659 461 2718 toutuue
483 2675 591 2737 repuur
613 2660 708 2719 uutoe
726 2658 840 2734 petiere
862 2655 1044 2733 ducumque,

185 2836 188 2841 .
298 2758 360 2823 Sed
383 2757 530 2839 upupiis
551 2759 646 2822 etium
669 2778 805 2839 euruque
827 2777 973 2838 umorque
994 2757 1055 2839 fui.

247 2862 291 2924 At
313 2860 393 2924 uuiti
415 2866 601 2927 ouuoturuue
623 2862 753 2926 subeuut
774 2861 918 2942 fastidio,
937 2865 1104 2940 postquoru

299 2963 447 3046 Oeuiupii
468 2984 537 3048 spes
558 2969 610 3048 est,
636 2965 790 3045 Tpudori,
811 2965 900 3047 foetu
922 2964 978 3027 tui,

140 3085 258 3166 optime
281 3085 375 3150 etiam
399 3085 621 3168 intellegimus,
646 3106 699 3151 eur
723 3085 842 3151 Helena
863 3086 885 3150 l.
910 3104 933 3150 o.
959 3085 1114 3167 duplicem
1136 3100 1219 3146 eom-

142 3192 295 3253 memoret
318 3189 483 3267 rationem,
508 3209 568 3270 qua
583 3190 707 3254 Paridis
730 3189 892 3255 resolverit
907 3188 1130 3270 proditionem:
1155 3185 1216 3250 sei-

140 3292 216 3357 lioet
249 3294 286 3356 de
323 3293 476 3376 nymphae
510 3292 671 3357 cuiusdam
705 3311 807 3357 amore
841 3292 930 3357 Paris
964 3293 1030 3373 ipse
1065 3289 1215 3365 narravit,

143 3412 253 3459 nomen
278 3396 433 3477 nymphae
448 3384 573 3459 'Helena
600 3396 785 3478 inquirendo
814 3394 973 3478 comperit.
1005 3429 1047 3439 —-
1076 3411 1127 3456 vv.
1150 3391 1218 3457 XV.

139 3498 280 3564 53-88
308 3498 440 3579 (Heius.)
467 3498 571 3562 autem
595 3499 769 3563 continetur
791 3499 927 3579 narratio
951 3499 988 3562 de
1011 3495 1068 3561 lite
1091 3495 1219 3559 dearum

141 3603 265 3682 iamque
282 3601 458 3683 explicatur,
475 3601 627 3682 quomodo
643 3602 778 3666 seribere
793 3601 930 3684 potuerit
946 3600 1065 3665 Helena
1080 3617 1124 3675 ea,
1141 3616 1218 3679 quae

138 3722 239 3788 supra
252 3705 397 3785 legimus

244 3807 313 3872 Iam
336 3809 374 3872 de
396 3827 446 3872 vv.
472 3826 516 3888 ep.
534 3807 602 3873 XX.
621 3809 767 3873 13-248
790 3809 959 3875 videamus.
985 3827 1059 3892 quos
1076 3828 1135 3874 non
1153 3810 1219 3872 lta-

142 3913 244 3976 lorum
267 3911 374 3975 fraude
400 3914 483 3974 ortos
515 3913 568 3975 sed
600 3911 747 3994 antiquae
776 3931 839 3976 esse
873 3912 1003 3994 originis
1027 3912 1216 3996 argumentis

139 4013 298 4080 evincitur
321 4020 356 4079 ut
385 4013 492 4096 paneis
522 4015 567 4079 ita
601 4016 809 4097 gravissimis,
845 4035 924 4098 quae
956 4017 1075 4098 primus
1110 4014 1219 4078 attulit

142 4117 302 4183 Diltheius
315 4117 372 4201 ³¹),
408 4118 495 4182 euius
530 4119 647 4183 librum
676 4138 694 4182 a
718 4120 791 4186 viris
815 4119 913 4185 doctis
937 4121 1023 4184 etin
1046 4118 1155 4200 primis
1179 4119 1218 4183 ab

244 4331 555 4400 Whapssmu

1090 4426 1128 4478 ‘gls-
