2694 4658
561 313 792 378 -109μ

139 504 242 586 thue
264 470 323 569 uni
347 503 407 568 sim
429 507 512 581 nola,
537 503 638 585 rnegis
660 521 728 568 reor
751 520 818 593 esse
841 503 973 583 peritam
1010 528 1013 535 ·

182 606 327 672 cassibus
350 611 404 671 aut
427 607 540 670 catulis
564 606 682 675 fallere,
696 623 785 686 posse
808 605 900 670 feras.
971 631 973 637 ¹
1039 657 1043 664 ,

139 710 198 776 Sed
220 713 252 776 te
276 729 358 775 nunc
379 711 476 792 patris
500 710 673 774 sectantem
695 709 800 773 tristia
822 709 924 773 falsi·
1043 736 1045 741 ·
1096 731 1098 735 >
1182 691 1205 753 ’ί

181 815 338 897 Dogmata
359 833 409 879 me
427 813 553 879 flentem
577 815 747 878 deseruisse
771 813 868 877 decet.

140 920 179 997 A,
203 918 309 1001 pigeat
331 917 425 1002 facti3
446 903 568 991 reditus
585 906 794 998 complectere
813 921 950 997 praesto,
1010 948 1012 955 -
1056 919 1059 922 ’
1184 901 1203 942 η

182 1021 227 1086 Ut
248 1023 353 1103 pereat
375 1024 445 1112 post
467 1021 541 1086 haec
564 1018 692 1084 victima
713 1022 735 1102 †
756 1027 863 1102 torpor
884 1019 1011 1105 habens.

139 1126 206 1190 Aut
228 1143 278 1188 me
299 1142 355 1206 per
377 1126 526 1206 scopulos,
550 1143 603 1206 per
626 1124 725 1188 saltus
749 1142 862 1206 perque
886 1142 1032 1188 cavernas

182 1228 251 1292 Duo
274 1227 377 1307 simul,
401 1228 436 1291 ut
458 1227 587 1293 tandem
610 1244 738 1308 corpora
761 1226 872 1308 iungat
893 1227 1026 1309 Hymen.

141 1330 207 1396 Neo
229 1350 280 1396 me
304 1349 412 1413 sperne
435 1331 538 1395 tuam:
562 1331 642 1404 votis
664 1329 841 1395 famulabor
862 1335 900 1396 ad
923 1350 1061 1415 unguem

182 1435 402 1517 Perpetiarque
425 1435 529 1499 animo
550 1433 634 1499 iussa
657 1436 787 1518 paterna
810 1451 887 1497 meo.

140 1537 192 1602 Me
213 1536 275 1602 tibi
297 1522 443 1619 promisit
464 1537 604 1619 genitor:
627 1557 665 1601 ne
687 1556 796 1618 sperne
818 1538 958 1620 parentis

182 1642 279 1706 Pacta
301 1640 358 1716 tui,
381 1639 555 1705 Phaedram
578 1639 630 1704 sed
652 1659 725 1722 cape
748 1642 852 1705 ruente
876 1642 936 1720 pia.

142 1743 175 1810 si
198 1747 306 1828 gravat
329 1744 403 1807 haee
425 1742 525 1826 pietas
548 1744 696 1821 animum,
721 1762 798 1825 quae
821 1744 886 1808 fate
910 1743 1061 1824 tulerunt,

183 1848 293 1932 †Hos
316 1865 405 1912 casus
429 1851 552 1911 moveat
575 1865 698 1911 carmen
722 1849 755 1910 at
780 1846 849 1911 vide
871 1865 1010 1928 sequens.

141 1951 245 2032 thue
268 1969 372 2033 preces
394 1968 541 2032 superum
565 1950 664 2015 rector
690 1949 764 2014 deus
787 1949 895 2014 audiat
917 1969 979 2027 oro,

185 2052 269 2132 Quas
290 2054 456 2119 lacrimans
479 2072 533 2134 pro
557 2057 587 2116 te
611 2070 687 2116 voce
710 2054 836 2135 rogante
858 2056 943 2135 peto:

141 2157 350 2241 Hippolytum
373 2161 495 2221 servate
518 2157 578 2235 dei,
602 2156 724 2220 servate
747 2156 899 2235 secundis,

185 2261 233 2326 Ne
255 2262 361 2342 pereat
382 2279 486 2325 morsu
509 2261 634 2343 tigridis
651 2260 711 2349 ille
735 2259 814 2338 lero;

141 2365 190 2431 Ne
214 2365 315 2430 rabies
339 2365 498 2429 sitibunda
519 2364 596 2445 lupi,
620 2365 695 2429 dum
717 2364 801 2429 solus
825 2365 949 2429 oberrat

184 2470 362 2533 Faunorum
385 2466 489 2543 siluas,
512 2467 643 2532 candida
666 2467 746 2533 oolla
768 2469 869 2532 secet·

142 2571 213 2638 Sint
234 2571 342 2636 faciles
366 2573 432 2649 tibi,
456 2590 577 2653 quaeso,
603 2571 660 2650 dei,
684 2591 722 2636 ne
746 2589 838 2636 crura
859 2589 1014 2635 venenum
1056 2606 1057 2609 =

185 2675 311 2758 Viperei
334 2676 435 2740 dentis
458 2675 572 2752 laedat,
596 2678 627 2740 et
649 2677 720 2757 opto
742 2695 878 2758 gemens.

144 2777 176 2844 Si
199 2779 286 2857 mihi,
311 2799 389 2863 quae
411 2798 501 2862 posco
524 2781 654 2862 supplex
677 2779 867 2861 humilisque
890 2781 1021 2863 requiro,

186 2881 361 2948 Concedent
383 2886 493 2967 superi,
517 2884 654 2965 plurima
677 2884 756 2949 dona
778 2883 884 2948 feram.

144 2983 226 3050 Tura
248 2985 326 3052 dabo
348 2987 432 3052 loliis
456 3006 604 3052 exornans
626 2989 752 3070 templa,
776 2988 919 3052 iuvencos

187 3089 302 3156 Offeret
324 3094 356 3156 et
377 3093 504 3157 tandem
528 3091 611 3157 frons
635 3109 704 3156 mea
725 3088 809 3156 laeta
832 3091 916 3154 duos.

144 3194 259 3259 Desino
283 3195 374 3276 plura
395 3194 480 3277 loqui
503 3196 667 3277 perterrita
690 3195 788 3259 morte
811 3193 913 3271 feroci,

187 3296 301 3362 Deficit
323 3300 354 3362 et
376 3298 476 3363 multo
499 3297 607 3381 lingua
630 3299 752 3363 retenta
776 3299 871 3381 metu.

144 3401 279 3486 Spiritus
302 3401 462 3486 egrediens
485 3401 611 3484 planctu
634 3400 711 3465 mihi
734 3399 847 3477 deficit,
871 3418 924 3465 ora

189 3505 324 3570 Vulnere
347 3503 506 3572 mortifero
529 3504 593 3568 iarn
616 3503 737 3568 laniata
758 3504 872 3587 rigent.

145 3611 299 3692 Deprecor
321 3610 379 3673 hoo
402 3609 513 3686 solum,
538 3607 619 3691 quod
642 3627 692 3671 me
715 3607 771 3671 sub
795 3610 916 3688 pectore
939 3609 1059 3686 condas,

188 3713 348 3776 Inclusam
371 3730 479 3794 corpus
503 3730 574 3776 curn
597 3713 684 3775 tenet
708 3711 802 3775 herba
823 3712 923 3774 tunm.

145 3815 284 3898 Cumque
306 3815 384 3879 libet
407 3833 515 3879 cursus
538 3816 636 3896 pratis
660 3815 786 3898 agitare,
812 3814 926 3891 caveto,

189 3919 237 3984 Ne
259 3921 370 4002 tangat
392 3919 509 3982 nudum
533 3918 622 4000 spina
644 3918 775 3999 superba
798 3917 914 3998 pedem.

144 4027 230 4090 Dum
253 4022 331 4087 mihi
353 4024 555 4105 languentem
577 4021 768 4103 praebebunt
791 4021 893 4085 sidera
916 4024 1024 4099 vitam,
1064 4073 1066 4077 .

189 4126 396 4209 Hippolytum
418 4125 548 4189 memori
572 4123 660 4188 eorde
683 4125 793 4188 tenebo
817 4144 932 4188 meum.

143 4233 187 4298 Ht
210 4232 284 4297 licet
306 4229 482 4317 amplexum
505 4229 610 4291 teneat
632 4227 663 4290 te
686 4226 822 4309 nympha
845 4230 901 4292 sub
925 4225 1053 4306 umbris,

190 4336 397 4420 Hippolytum
420 4335 545 4399 servant
568 4335 688 4398 somnia
712 4349 792 4397 rana
813 4335 931 4397 tamen.
