2694 4658
633 307 842 372 -74..

198 497 331 581 epistula
353 495 472 580 aliquid
494 496 598 561 deesse
620 500 707 560 ratus
729 495 801 577 post
822 502 852 557 v:
876 493 917 559 96
941 491 1046 558 Heius.
1070 489 1274 575 interpolavit

199 601 354 666 distichon
378 601 444 678 hoc,
468 600 551 682 quod
572 617 665 664 sensu
687 597 814 665 omnino
837 603 936 662 caret:

328 718 416 795 Qnos
430 739 522 798 snper
539 717 685 784 Oenonen
697 718 796 811 foetes
811 721 951 782 maiorer
966 715 1123 780 inertem

376 822 442 887 Neo
457 821 591 889 Priamo
606 826 650 886 est
664 821 708 885 od
722 825 750 886 te
764 820 892 903 dipnior
906 819 977 885 nita
993 837 1105 883 nnrns.

197 926 357 992 invenitur
379 926 413 991 in
436 948 499 1008 φπ
510 930 542 1010 β.

656 1049 713 1131 Ep.
736 1047 822 1113 XIX.

300 1188 328 1233 v.
355 1171 392 1234 11
418 1188 463 1253 sq.
488 1170 563 1234 haec
585 1170 659 1235 sunt
681 1171 775 1234 verba
797 1168 939 1233 Acontii:

342 1291 487 1355 Invenies
503 1290 571 1355 illic
587 1290 621 1354 te
636 1295 664 1355 te
679 1288 837 1368 speculare,
854 1287 934 1369 qnod
949 1290 1017 1369 opto

396 1392 438 1456 To
447 1394 566 1474 potins,
582 1394 681 1476 cingo,
698 1412 794 1474 qnam
808 1391 987 1458 neminisse
1001 1390 1103 1454 deum.

115 1600 118 1605 Ι
197 1535 258 1583 non
282 1514 361 1580 vidit
383 1515 604 1599 grammaticus
628 1512 758 1597 quidam
789 1511 968 1576 neminisse
989 1510 1121 1594 pendere
1145 1529 1182 1575 ex
1208 1513 1276 1590 opto

197 1619 249 1683 sed
272 1617 344 1700 post
366 1621 435 1698 opto
460 1616 744 1702 interpungendum
772 1620 860 1682 ratus
884 1617 1033 1681 lacunam
1057 1613 1175 1679 statuit
1195 1614 1276 1678 inter

197 1741 226 1787 v.
253 1724 290 1786 11
316 1725 347 1786 et
373 1721 422 1800 12,
446 1739 539 1804 quam
564 1720 701 1803 explevit
722 1719 849 1786 insertis
872 1718 1015 1785 versibus
1038 1717 1138 1783 hisce:

342 1840 392 1906 Ne
409 1841 467 1906 tibi
480 1863 550 1907 enno
564 1843 666 1907 certis
680 1842 795 1908 cncidit
809 1841 872 1906 etta
885 1840 963 1923 fides

299 1944 341 2009 In
355 1946 461 2027 moini,
476 1950 511 2010 nt
526 1946 616 2010 dicae
631 1946 752 2027 diffusa
766 1950 810 2010 est
824 1946 895 2009 iro:
909 1944 1047 2009 decebat.
1061 1994 1069 2009 .
1083 1993 1090 2008 .

113 2048 115 2055 ¹
203 2065 325 2131 inuenit
339 2067 419 2131 hanc
434 2064 707 2147 interpolationem
723 2066 756 2131 in
772 2066 877 2132 codice
893 2083 948 2129 suo
964 2062 1121 2129 Antonius
1133 2062 1276 2129 Volscus.

200 2170 295 2234 etiem
318 2171 428 2248 uerba,
452 2172 586 2253 quaein
608 2189 716 2255 pomo,
740 2171 822 2254 quod
842 2170 919 2236 iecit
941 2170 1100 2246 Acontius,
1123 2166 1279 2251 inscripta

199 2271 342 2349 fuerant,
379 2275 532 2339 noverunt
565 2293 642 2340 saec.
665 2274 724 2340 XV
747 2275 936 2358 interpretes
964 2273 997 2337 et
1026 2272 1156 2337 lectores
1180 2273 1218 2337 de
1240 2271 1278 2343 iis

198 2375 394 2442 edocuerunt.
418 2378 567 2460 leguntur
589 2378 665 2444 haec
688 2379 785 2444 verba
807 2378 840 2442 in
862 2396 896 2464 u⁴
919 2377 953 2441 in
975 2376 1132 2459 margine:

281 2497 359 2562 Iuro
375 2498 433 2564 titt
450 2518 526 2564 sane
536 2520 597 2600 per
611 2500 743 2582 nepetino
757 2518 851 2564 socna
865 2497 997 2562 Dionae

325 2601 382 2665 Me
397 2602 454 2666 etta·
469 2607 635 2667 venturam
650 2604 790 2668 corniteon
804 2606 997 2683 nuptamque
1010 2602 1168 2683 futuram.

197 2720 229 2785 in
252 2740 303 2807 g„
326 2724 380 2789 ubi
396 2724 473 2788 item
488 2729 520 2787 in
537 2725 677 2807 margine
691 2724 903 2801 inveniuntur,
926 2723 973 2787 ita
989 2722 1168 2804 comparata
1184 2724 1276 2785 sunt:

282 2843 360 2908 Inro
374 2843 435 2910 titi
446 2863 524 2909 sone
532 2864 594 2925 per
608 2844 745 2909 numina
759 2863 853 2909 sacro
868 2842 999 2909 Dianae

324 2945 392 3011 Hoc
406 2950 434 3010 te
448 2951 649 3029 snmptnrom
664 2946 781 3011 donnen
796 2951 989 3028 nuptamque
1003 2945 1157 3027 fcturum.

196 3065 230 3130 in
252 3067 359 3131 eadem
384 3066 515 3144 officina,
538 3068 571 3132 in
595 3086 655 3150 qua
682 3067 739 3132 illa
762 3066 895 3132 disticha
917 3067 1057 3132 confecta
1072 3066 1156 3144 sunt,
1181 3066 1275 3131 fabri·

36 3142 44 3161 ¹
76 3243 84 3258 Ι
198 3169 259 3234 cati
270 3169 415 3234 videntur
432 3188 548 3249 versus,
573 3172 685 3253 quibus
701 3172 779 3236 item
795 3171 970 3236 continetur
985 3169 1204 3235 iusiurandum
1216 3167 1276 3252 Op·

196 3271 307 3355 (lippae
328 3292 358 3337 v.
380 3271 423 3335 20
445 3274 720 3338 commemoratum
743 3292 878 3355 quosque
901 3278 970 3356 post
992 3272 1073 3338 huno
1095 3292 1218 3349 versum
1243 3273 1275 3337 in

197 3374 299 3441 codice
322 3392 377 3439 suo
398 3373 476 3457 legit
498 3375 658 3459 Micyllus:

350 3494 405 3558 Me
420 3496 480 3562 etta
494 3500 671 3577 nuptarum
688 3497 781 3578 (felin
795 3503 863 3563 erat
878 3518 976 3576 omen,
991 3498 1120 3581 Aconti)

401 3599 487 3675 Inro,
504 3619 600 3681 qnam
614 3603 750 3678 colitans,
767 3601 903 3665 nantino
918 3620 1037 3685 magno
1051 3601 1135 3664 dene.

299 3718 367 3781 Hoc
390 3719 489 3801 capite
512 3720 607 3784 etiarn
630 3721 654 3785 ii
678 3739 785 3785 versus
809 3720 1073 3786 commemorandi
1095 3725 1181 3799 sunt,
1205 3722 1278 3805 qui·

196 3820 255 3886 bus
277 3821 477 3905 grammatici
500 3823 702 3905 expleverunt
725 3823 851 3888 lacunas
875 3843 911 3889 ex
935 3823 1163 3905 antiquioribus
1186 3824 1279 3890 libris

197 3925 229 3988 in
252 3925 435 3989 recentiores
459 3925 638 3991 translatae.
662 3927 740 3990 tales
763 3944 869 3991 versus
890 3946 1035 4010 persaepe
1057 3926 1280 3993 adscribeban-

194 4030 247 4091 tur
269 4031 302 4092 in
326 4029 560 4110 exemplaribus,
584 4029 618 4092 in
641 4030 754 4110 quibus
778 4049 839 4095 non
863 4031 991 4096 lacunae
1013 4031 1067 4096 sed
1090 4029 1152 4112 ipsi
1167 4048 1280 4097 versus

195 4130 323 4213 genuini
345 4131 504 4197 extabant.
527 4149 587 4215 quo
610 4131 731 4197 factum
754 4136 810 4214 est,
834 4137 870 4197 ut
884 4134 944 4199 duo
960 4134 1134 4199 hexametri
1149 4133 1201 4198 vel
1215 4135 1281 4200 duo

196 4236 384 4317 pentametri
417 4253 483 4300 sese
518 4234 707 4318 exciperent:
741 4236 806 4301 iam
839 4236 1047 4302 adhibuerunt
1075 4229 1280 4320 grammatici

198 4336 328 4402 eandem
350 4337 441 4402 illam
463 4338 627 4418 medelam,
651 4339 689 4403 de
711 4358 772 4421 qua
794 4339 1038 4421 supradiximus
1054 4342 1085 4421 ξ.
1103 4339 1162 4422 143
1185 4339 1280 4405 addi·
