2694 4658
534 284 836 379 '-cc-

110 554 114 559 .
198 501 252 570 sit
274 501 397 568 lectio
420 499 649 585 genuine⁶⁷).
687 501 721 564 in
750 499 860 582 primis
889 502 993 564 autem
1017 501 1190 564 cavendum
1214 503 1272 578 est,

198 627 237 673 nc
257 607 292 671 in
315 605 358 670 111
374 604 517 689 partibus
541 603 730 686 decipiamur
753 602 964 685 singularibus
987 601 1100 667 codicis
1123 600 1150 665 G
1173 603 1273 685 scrip·

197 709 289 776 turis.
326 708 466 774 videmus
491 709 572 773 enim
596 708 628 771 in
651 707 689 771 iis
712 707 869 789 partibus,
893 705 949 770 ubi
972 706 1147 788 disquisitio
1170 705 1275 772 firmis

196 813 257 877 niti
278 816 382 896 potest
405 812 517 877 codicis
540 811 566 874 P
589 809 790 907 testimoniis,
823 810 959 874 codicem
982 807 1010 873 G
1033 811 1180 890 praebere
1204 810 1270 873 sin·

195 916 319 999 gularia
353 915 489 999 plurima
518 933 612 995 eaque
643 913 825 995 plerumque
847 931 903 996 per
925 931 957 976 so
979 912 1047 995 ipsa
1069 931 1129 976 non
1152 914 1269 996 impro-

196 1020 315 1102 banda3
351 1019 428 1084 haec
461 1018 559 1103 igitur
587 1018 696 1082 nilnisi
724 1018 916 1081 coniecturae
940 1020 1014 1080 sunt
1036 1016 1271 1082 audacissimae.

197 1141 233 1188 cr
255 1123 354 1188 altera
375 1110 472 1204 parte'
487 1123 592 1186 autem
615 1121 796 1197 cavendum,
820 1139 858 1184 ne
880 1119 935 1183 hos
957 1118 1053 1186 libros
1072 1119 1216 1184 omnibus
1233 1119 1270 1182 iis

195 1225 286 1305 locis,
309 1225 365 1290 ubi
388 1224 492 1290 deficit
514 1225 557 1303 P,
587 1223 700 1304 ubique
724 1226 839 1287 temere
862 1224 958 1288 codici
982 1222 1010 1288 G
1030 1241 1272 1306 praeponamus,

194 1349 263 1395 cum
286 1347 346 1393 non
371 1330 577 1394 omittendum
600 1328 719 1404 sibeos,
743 1345 813 1391 cum
829 1328 931 1391 codice
948 1326 975 1392 G
991 1327 1273 1411 sintnecentiores,

160 1502 164 1511 ,
195 1434 294 1498 altera
314 1433 371 1498 illa
393 1433 568 1496 recensione
590 1429 742 1509 laborare,
766 1449 784 1494 1
807 1448 867 1511 qua
882 1429 1016 1495 GEAV
1031 1431 1195 1513 practerP
1213 1431 1271 1495 soli

193 1540 267 1601 sunt
289 1537 387 1601 vacui.
411 1536 523 1618 reliqui
545 1535 628 1613 libri,
652 1553 783 1616 quorum
806 1535 943 1616 proximo
959 1535 1059 1625 capite
1075 1535 1162 1598 brevi
1178 1553 1268 1598 men·
1308 1532 1316 1547 '

194 1639 313 1703 tionem
335 1639 498 1721 faciemus,
528 1642 565 1711 ad
589 1624 717 1703 criticen
740 1639 772 1701 in
795 1638 937 1721 epistulis
960 1637 1163 1703 factitandum
1188 1637 1269 1701 nihil

193 1741 256 1806 fere
278 1744 414 1823 prosunt.

295 1862 380 1927 Haec
402 1861 508 1943 igitur,
531 1865 604 1928 dum
627 1865 732 1928 textus
748 1878 928 1927 enarramus
945 1859 1119 1939 historiam,
1144 1861 1271 1926 critices

193 1965 227 2029 in
256 1960 446 2029 Heroidibus
475 1964 633 2031 Ouidianis
667 1965 855 2031 factitandae
887 1967 1016 2030 iecimus
1049 1964 1270 2030 fundamenta.

196 2069 259 2133 iam
282 2071 336 2132 ant
338 2087 374 2132 ea
397 2069 522 2152 quidem
545 2070 777 2151 suspicabantur
805 2068 866 2133 viri
895 2068 978 2133 docti
1006 2068 1132 2132 etiam
1124 2088 1157 2161 in
1180 2068 1271 2133 libris

192 2175 281 2253 praet
283 2191 315 2236 er
268 2170 400 2238 tPG
422 2172 474 2262 hic
429 2172 569 2261 illic
571 2173 726 2265 1111111
736 2172 853 2271 boui
837 2172 869 2238 1
870 2174 950 2257 tere
985 2172 1126 2257 ignotum
1161 2174 1270 2236 tamen

157 2248 170 2453 l
193 2274 647 2386 erat,uQ1ssrmum
651 2256 746 2340 libris
763 2279 795 2340 et
816 2256 899 2340 inter
921 2295 1069 2356 quosnam
1092 2275 1168 2340 lines
1192 2274 1270 2339 fides

91 2415 92 2418 =
195 2377 336 2442 habenda
359 2383 457 2457 esset;
494 2397 718 2460 nonnunquam
741 2379 852 2458 etiam,
882 2377 909 2443 si
933 2379 1006 2460 quid
1030 2378 1101 2443 boni
1125 2399 1141 2441 e
1164 2377 1269 2442 codice

192 2481 360 2546 recentiori
382 2482 570 2559 innotuerat,
592 2483 703 2565 id'pro
726 2482 901 2547 coniectura
922 2470 1105 2548 habebatur.

295 2601 358 2666 Nos
381 2621 451 2667 vero
480 2603 537 2668 hoc
564 2604 630 2668 loeo
663 2603 814 2672 monituri
848 2623 954 2669 sumus
988 2621 1042 2668 nos
1074 2622 1270 2689 nequaquam

192 2705 365 2769 Heroidum
393 2707 512 2770 textum
540 2707 604 2771 1111
632 2707 804 2789 perfectum
830 2709 865 2773 et
885 2711 924 2773 ad
948 2711 1099 2774 edendum
1121 2708 1269 2789 paratum-

194 2803 316 2872 habere.
343 2811 544 2891 quamobrem
567 2830 605 2875 nc
627 2811 694 2891 quis
718 2811 823 2875 credat
846 2830 911 2889 uos,
935 2811 1097 2893 siquando
1114 2801 1267 2875 Heroidas

190 2910 327 2990 edemus,
351 2912 431 2977 nihil
454 2915 630 2980 mutaturos
653 2933 719 2979 csse
740 2918 863 2996 praeter
886 2934 930 2993 ea,
947 2915 1071 2998 quaein
1087 2914 1268 2980 boolibello

143 3005 146 3011 ’
189 3013 227 3078 de
250 3015 383 3097 singulis
406 3017 481 3082 locis
505 3018 698 3099 disputantes
714 3020 857 3084 novanda
871 3018 1162 3084 demonstravimus,
1187 3036 1266 3083 non·

190 3118 265 3182 dum
287 3119 370 3183 enim
393 3137 499 3184 omnes
522 3119 603 3186 locos
626 3121 870 3205 exploravimus,
905 3122 996 3187 ubi
987 3142 1020 3186 m
1050 3124 1076 3187 P
1085 3139 1267 3223 primariae

178 3206 360 3313 scripturae
382 3240 487 3287 erasae
509 3227 598 3289 sunt:
621 3244 729 3290 uerum
751 3225 783 3289 hi
805 3243 865 3290 non
890 3225 947 3290 alit
934 3229 981 3289 ter
997 3228 1078 3290 tract
1065 3225 1153 3290 tandi
1170 3225 1265 3307 atque

187 3321 247 3403 illi,
271 3324 324 3387 ubi
347 3324 373 3387 P
389 3327 444 3390 aut
458 3328 585 3409 propter
600 3329 745 3393 foliorum
762 3329 905 3412 aliquot
896 3333 959 3396 raet
962 3350 1049 3396 uram
1066 3351 1105 3396 au
1106 3329 1286 3415 tpropter,

188 3426 315 3503 lacunas
338 3427 467 3516 dciieere
491 3430 636 3497 vidimus.
674 3452 764 3516 porro
786 3434 818 3497 in
840 3434 880 3498 iis
902 3434 1053 3518 partibus,
1077 3433 1133 3498 ubi
1154 3435 1180 3498 P
1202 3451 1266 3498 non

187 3530 282 3608 extat,
300 3549 351 3596 eos
366 3533 492 3597 tantum
508 3535 589 3600 locos
604 3537 779 3601 accuratius
795 3537 1006 3616 tractavimus
1023 3537 1076 3603 ubi
1092 3539 1120 3605 G
1136 3537 1267 3620 praebet

188 3632 375 3716 singularia;
405 3634 623 3717 inquirendum
652 3640 773 3721 autem,
804 3643 840 3704 ut
862 3641 953 3705 modo
976 3641 1127 3719 vidimus,
1157 3642 1267 3708 ineos

188 3741 307 3818 quoquo
330 3737 420 3820 lecca,
444 3739 497 3804 ubi
521 3742 548 3808 G
572 3759 642 3805 cum
665 3761 726 3807 una
745 3745 915 3807 ceterorum
931 3744 1070 3808 codicum
1086 3747 1175 3827 parte
1191 3764 1266 3810 cou-

186 3897 390 3908 ———.

291 3983 324 4052 ⁶⁷)
342 3985 429 4039 Huius
448 3988 486 4040 rei
504 3989 575 4041 certe
593 4004 677 4042 uuum
696 3992 768 4043 extat
786 3992 936 4059 exemplum
949 3995 1149 4067 gravissimum.
1169 3996 1217 4050 IV
1232 4005 1267 4053 67

188 4068 261 4122 enim
280 4070 313 4137 (P
331 4087 383 4124 non
395 4075 511 4142 extante)
530 4073 554 4128 G
571 4075 685 4130 Eleusis
702 4076 810 4131 exhibet
798 4080 894 4132 tcum
912 4081 1023 4150 reliquis
1041 4080 1118 4136 libris
1137 4083 1270 4138 omnibus

179 4155 331 4223 praeteri.
362 4157 405 4212 hic
435 4175 469 4212 au
471 4162 524 4213 tom
553 4161 697 4228 genuinam
716 4168 805 4218 seruat
823 4168 983 4220 nominativi
1002 4167 1117 4222 formam
1134 4169 1269 4239 Eleusin,

187 4255 254 4308 quae
273 4241 347 4296 hoc
339 4259 397 4312 rpso
415 4245 470 4300 loco
489 4246 622 4301 Prisciani
640 4250 815 4305 confirmatur
828 4253 992 4320 testimonio,
1010 4256 1057 4323 qui
1070 4256 1178 4309 huncv.
1194 4271 1266 4311 com-

180 4329 313 4381 memorat
329 4328 352 4383 1
371 4346 397 4399 p
419 4336 469 4385 544
486 4331 521 4387 K
