2694 4658
498 270 545 334 -'
570 265 623 353 '97
668 328 710 337 ,

62 578 196 643 Alciden
219 583 317 662 rogat,
341 581 378 645 ut
400 578 487 644 lioito
510 479 659 663 funglajtnr
681 599 784 646 amore

63 680 212 746 Deianira
234 699 307 747 sno:
331 682 413 748 Naso
435 683 488 746 sed
511 682 641 748 damnat
662 687 839 769 utrumque·

62 921 125 986 Hie
147 922 286 990 Ariadne
308 924 402 1003 dolet,
426 926 564 991 Theseus
586 821 660 1007 {uia
682 925 820 1007 prodidit
842 925 958 1009 ipsam:

128 1025 229 1106 Quam
251 1046 333 1093 nuno
356 1029 388 1093 et
409 1028 565 1095 Theseum
588 1047 713 1110 carpere
735 1028 816 1094 Naso
839 1030 936 1111 eupit.

63 1264 169 1331 Aeolis
190 1266 333 1356 Macareo
357 1267 434 1333 dioit
456 1267 521 1332 fera
544 1165 633 1334 saffa-
649 1270 790 1349 parentis

129 1368 232 1452 Teque
254 1374 343 1453 rogat
365 1370 502 1435 tumulos
527 1374 559 1436 et
582 1389 700 1436 memor
722 1390 789 1437 esse
813 1373 878 1437 sui:

61 1472 130 1536 Hos
154 1474 281 1538 damnat
304 1472 396 1557 Naso,
421 1475 568 1556 quoniam
590 1475 687 1540 fecere
710 1475 854 1540 nefanda.
902 1566 904 1570 ι
944 1535 951 1547 ,

60 1715 241 1780 Aesoniden
263 1715 373 1780 Medea
395 1719 496 1791 vocat,
520 1612 748 1798 quglssrodidit
769 1717 886 1799 ipsam:

61 1817 154 1882 Hane
175 1818 306 1884 damnat
327 1819 419 1900 Naso,
443 1820 515 1903 quia
538 1823 630 1901 panta
652 1825 699 1886 est
721 1822 855 1903 turpiter
877 1821 989 1902 ipsam.

60 2061 233 2128 Laudamia
255 2069 344 2148 rogat
367 2083 476 2131 naseas
500 1960 780 2143 tibfflotesilae:
822 2091 823 2095 ¹

62 2163 165 2244 Quam
192 2166 329 2232 multum
352 2166 437 2233 Naso
460 2170 498 2234 de
520 2170 604 2234 oasto
627 2168 736 2233 laudat
758 2185 873 2233 amore.

558 2307 643 2373 XIV.

62 2407 170 2472 Mittit
191 2410 417 2492 Hypermestra
436 2373 570 2495 lrynoeo,
595 2429 671 2494 qnae
695 2411 830 2474 sustinet
853 2412 935 2491 ipsa:

60 2515 84 2593 †
106 2511 189 2591 Quin
211 2514 308 2596 possit
329 2519 420 2599 rogat
443 2514 521 2580 hano
543 2515 626 2581 Naso
649 2514 825 2597 pietateque
848 2513 965 2596 laudat.

61 2757 140 2823 Orat
161 2775 243 2822 nuno
265 2755 418 2821 Helenam
440 2756 541 2832 Paris,
565 2653 685 2820 {veihi
706 2756 848 2838 praestet
869 2772 1022 2820 amorem:

43 2870 47 2879 ·
126 2859 225 2938 Quem
247 2858 376 2923 damnat
399 2857 483 2924 Naso
506 2858 680 2941 proditione
703 2876 768 2923 sua.

60 3104 178 3188 Arguit
199 3103 249 3169 hio
272 3102 392 3168 Helena
412 2998 665 3184 Panuemffolst
687 3121 719 3167 se
743 3103 797 3166 dat
819 3100 1012 3166 habendam:

60 3205 164 3297 Quam
187 3207 314 3275 damnat
336 3205 432 3290 Naso,
456 3206 530 3290 quia
551 3208 670 3271 iustum
692 3205 811 3310 spernit
835 3222 981 3269 amorem.

31 3452 33 3459 '
59 3447 149 3526 Vult,
173 3467 228 3514 our
249 3466 311 3514 non
332 3449 438 3528 vadat,
461 3344 795 3514 monsgrlelneander
821 3448 860 3511 ad
884 3445 981 3510 Hero:

58 3551 177 3636 Arguit
199 3552 282 3618 huno
304 3552 399 3630 Naso,
422 3553 533 3617 subeat
556 3570 611 3617 our
633 3551 724 3616 tanta
746 3549 874 3632 periola.

163 3837 516 3908 IX21Aloidemv282⁰2
538 3867 568 3876 -
588 3838 700 3907 fugatur
718 3854 746 3906 g,
767 3867 800 3876 -
819 3835 851 3888 X.
867 3843 880 3889 1
899 3834 1009 3889 adriana
1027 3851 1052 3900 v⁴
1068 3849 1135 3901 aa,

59 3924 178 3995 perdidit
195 3941 224 3995 g²
247 3957 275 3965 -
302 3925 348 3981 XI.
368 3931 382 3979 1
402 3925 476 3980 llolis
494 3942 521 3993 v⁴
541 3941 570 3994 g,
592 3941 616 3993 o,
638 3955 671 3964 -
690 3922 830 3978 machareu
849 3939 878 3992 ς,
905 3920 1046 3974 maehereu
1064 3934 1090 3987 v⁴
1112 3933 1137 3984 e,

59 4041 92 4052 -
111 4017 127 4064 2
145 4011 288 4081 nephanda
305 4029 332 4080 s⁴
352 4029 380 4083 ς,
402 4029 426 4084 e,
447 4044 481 4054 -
498 4011 559 4067 XII.
581 4018 594 4064 1
614 4012 756 4066 Esonidem
774 4027 800 4077 v⁴
821 4026 850 4079 g,
872 4025 896 4076 e²
918 4005 1140 4068 -4X1H.llau·
1225 4028 1228 4034 ·

59 4098 148 4154 domis
166 4114 192 4166 a
210 4115 240 4171 g,
262 4115 286 4167 e,
304 4129 329 4137 —
346 4099 506 4170 prothesilae
525 4115 554 4168 g,
569 4116 593 4169 o²
617 4130 647 4139 -
667 4097 827 4167 prothesiale
846 4113 871 4165 v⁴
891 4125 924 4135 -
942 4091 1015 4146 XIV.
1031 4098 1043 4144 1
1061 4106 1142 4160 yper.

60 4186 159 4238 masna
176 4185 232 4240 lino
250 4203 277 4255 a
296 4202 325 4256 g,
346 4202 369 4264 o,
392 4218 422 4226 -
442 4194 457 4241 2
475 4185 577 4258 pietate
594 4188 612 4257 ip
630 4185 725 4240 laudat
742 4202 771 4255 g²
784 4213 818 4224 -
831 4181 888 4239 XV.
900 4188 916 4235 2
929 4179 1016 4246 Quam
1028 4194 1055 4247 s⁴
1071 4192 1137 4247 ᾖε,

60 4300 94 4312 -
110 4271 265 4341 prodicione
282 4288 308 4342 v⁴
327 4290 355 4343 g²
375 4290 398 4342 e²
420 4305 453 4314 -
471 4273 558 4328 XVM.
578 4279 594 4326 2
613 4289 673 4328 cum
690 4275 768 4326 tanta
786 4288 821 4340 up.

111 4385 285 4437 Sedlmayer,
295 4384 458 4447 'Prolegonrena
1000 4381 1018 4428 'l
