2694 4658
387 252 735 391 'jue-

91 480 203 546 derunt
217 480 300 545 enim
315 480 500 547 hexametris
515 478 736 564 pentametros,
752 482 954 567 pentametris
969 482 1165 548 hexametros

90 583 195 667 itaque
217 585 398 649 laeuuarum
426 586 642 667 supplementa
662 585 808 651 ‘aliarum
842 587 968 668 insuper
995 585 1164 668 interpola·

91 686 213 753 tionum
236 704 346 753 caueae
367 686 547 756 extiterunt.
588 721 593 726 ·

564 826 620 909 llp.
643 826 698 890 IX.

198 944 343 1010 Vidimus
375 964 468 1043 supra
490 967 520 1030 p.
543 948 585 1014 56
608 948 640 1012 in
663 948 689 1012 P
696 966 730 1035 g³
759 946 863 1013 deesse
893 947 987 1011 huius
1016 947 1166 1032 epistulae

38 1130 41 1137 ,
90 1067 140 1113 vu.
163 1049 202 1114 81
227 1053 259 1115 et
281 1049 338 1130 83,
372 1050 427 1134 qui
460 1051 553 1135 uulgo
582 1070 617 1116 ex
640 1049 668 1115 G
695 1050 898 1135 plurimisque
924 1049 995 1116 aliis
1022 1052 1104 1116 buno
1133 1054 1166 1113 in

89 1156 216 1218 modum
239 1153 388 1220 eduntur:

188 1270 243 1340 815
266 1273 418 1351 Creteis
441 1274 568 1357 tafalia,
591 1276 725 1342 senticae
745 1276 944 1358 tremefactus
967 1273 1106 1340 bohemo.

189 1377 240 1442 83.
263 1376 416 1443 Eatmtas
431 1398 576 1460 pompae,
593 1379 769 1460 praeconia
791 1392 913 1443 summu
935 1375 1100 1458 triumphi.

90 1502 172 1564 oerte
194 1497 365 1564 difficulter
388 1498 552 1566 diiudicari
574 1502 689 1586 potest,
712 1506 820 1566 utrum
844 1499 911 1572 Ga,
931 1498 987 1564 hoo
1009 1499 1077 1563 loeo
1100 1486 1192 1563 ser-l

89 1602 322 1668 varintuersus
344 1602 495 1688 genuinos
524 1622 564 1668 an
594 1604 658 1668 iam
680 1602 714 1667 in
735 1602 894 1669 communi
918 1600 1058 1668 omnium
1080 1600 1166 1667 oodi-

90 1725 161 1771 eum
189 1706 353 1792 archetypo
381 1706 510 1785 lacunae
537 1708 657 1773 fuerint
686 1709 717 1774 et
740 1705 802 1772 Gor
825 1706 925 1790 igitur
948 1704 1057 1772 nilnisi
1078 1706 1165 1769 laeu-

88 1828 202 1876 narum
223 1810 441 1894 supplementa
455 1809 618 1877 exhibeant
633 1809 854 1893 posterioribus
869 1810 1059 1893 temporibus
1075 1808 1166 1873 laeta.

89 1912 144 1980 sod
165 1913 302 1995 primum
324 1917 464 1978 omnium
486 1915 656 1980 tenendum
679 1914 726 1980 est
747 1913 803 1979 hos
819 1931 869 1979 vu.
886 1912 919 1978 in
941 1911 1099 1978 codicibus
1115 1930 1166 1975 ex-

89 2019 157 2083 tare
179 2018 301 2100 praeter
322 2016 389 2105 Pg8
413 2017 566 2097 omnibus,
589 2018 839 2103 agrammatiois
855 2035 928 2082 vero
943 2019 976 2082 in
991 2014 1091 2095 libris,
1114 2016 1168 2097 qui

94 2121 212 2187 lacunis
226 2122 421 2200 laborabant,
444 2120 566 2187 diversa
581 2139 647 2186 esse
662 2121 818 2204 adscripta
832 2121 1047 2204 supplementa
1062 2122 1092 2184 et
1114 2136 1168 2198 pro

92 2243 121 2289 v.
146 2225 185 2290 81
210 2225 336 2309 quidem
357 2225 448 2291 haee:

179 2346 221 2431 (Ι)
247 2345 394 2428 Dumque
405 2364 508 2427 purus
522 2347 658 2425 ventura,
671 2346 768 2427 pudet
782 2367 823 2411 era
837 2347 937 2411 eetutu
953 2364 1067 2428 erepere

159 2449 220 2536 (ΙΙ)
245 2449 321 2515 Nora
335 2450 464 2543 impurae
478 2454 602 2546 temeror
614 2449 759 2533 famulae
773 2470 851 2514 uem
865 2468 949 2512 more
963 2445 1122 2513 recumbis.

88 2590 144 2654 pro
166 2590 195 2637 v.
219 2571 261 2637 83
283 2571 387 2636 autem
409 2571 498 2636 haee:

175 2692 217 2776 (Ι)
244 2691 395 2772 Turpiter
409 2695 477 2772 tpse
491 2692 568 2757 ultis
582 2692 736 2774 referebas
750 2690 841 2755 verbu
852 2691 972 2772 puellis

162 2795 220 2878 (ΙΙ)
248 2794 400 2878 Ooatupa's
413 2796 450 2859 ta
463 2795 581 2879 premio
595 2793 764 2859 mutteba'a
775 2813 876 2875 peasa
891 2794 1037 2860 trebetas

143 2897 220 2982 (ΙΙΙ)
244 2897 394 2962 Eximius
406 2915 549 2980 praepos,
569 2897 726 2961 tormenta
741 2896 863 2961 semem
879 2897 1012 2961 laudum

143 3000 218 3086 (IV)
241 3002 377 3066 Eauor‘r's
386 3003 503 3083 positis
517 3002 703 3066 meritarum
719 3001 841 3066 semiue
856 2999 997 3065 lauduuo.

88 3139 206 3204 magna
227 3139 372 3187 uersuum
394 3121 452 3186 III.
478 3121 523 3187 IV
545 3123 754 3187 similitudine
778 3140 849 3186 eum
872 3142 900 3188 v.
925 3122 982 3206 83,
1006 3123 1042 3187 ut
1065 3124 1112 3187 est
1135 3123 1168 3187 in

90 3223 168 3304 Ge,
191 3225 350 3307 probabile
372 3226 484 3291 saltem
508 3225 648 3292 redditur
670 3228 765 3292 etiam
787 3227 869 3291 hune
891 3245 1016 3292 versum
1039 3225 1166 3291 nonnisi

88 3327 217 3393 laeunae
240 3328 492 3411 supplementum
515 3347 592 3394 esse.
617 3348 633 3393 e
657 3331 789 3411 quatuor
811 3329 918 3415 autern
940 3349 968 3394 v.
991 3329 1033 3394 83
1057 3328 1168 3394 formis

88 3429 123 3494 II
144 3429 178 3493 in
196 3452 237 3517 ra,
262 3431 311 3495 ΙΙΙ
334 3449 353 3497 a
373 3451 469 3497 manu
493 3432 514 3495 2
535 3432 569 3496 in
584 3432 620 3513 P,
643 3432 689 3498 IV
704 3431 738 3497 in
754 3432 857 3498 oodioe
874 3434 995 3498 Douzae
1010 3450 1065 3514 pro
1081 3451 1110 3496 v.
1125 3431 1167 3496 83

88 3533 266 3616 invenitur3
299 3537 460 3601 invenitur
483 3539 588 3602 autem
609 3554 674 3602 una
696 3537 746 3602 uel
770 3537 870 3602 altera
891 3535 991 3601 forma
1014 3535 1111 3600 etiam
1133 3534 1167 3599 in

86 3635 129 3701 iis
152 3635 251 3714 libris,
274 3639 440 3721 inquibus
463 3658 609 3706 versuum
633 3641 684 3706 81.
703 3642 744 3706 83
767 3641 913 3724 vulgatae
936 3639 1044 3703 extant
1059 3655 1167 3703 reeen-

88 3738 194 3805 siones
208 3740 314 3822 ibique
331 3759 440 3807 musae
455 3743 583 3808 fuerunt
599 3743 886 3825 interpolatorum,
908 3742 1167 3825 quemadmodum

90 3844 414 3927 suprapxposuimus.
439 3845 546 3912 illatus
570 3851 617 3912 est
633 3846 666 3910 in
682 3847 799 3912 librum
814 3849 968 3928 quendam
982 3864 1010 3909 v.
1027 3845 1043 3908 Ι
1067 3843 1168 3929 (velut

88 3945 123 4011 in
140 3935 196 4033 'vv
231 3947 285 4013 ubi
314 3950 438 4031 praeter
459 3968 487 4013 v.
513 3950 554 4015 83
578 3951 663 4015 extat
687 3951 717 4015 et
738 3950 811 4014 huie
833 3949 1021 4032 praeeedit);
1058 3945 1168 4012 illatus

91 4050 203 4116 deinde
225 4054 320 4117 etiam
341 4073 369 4118 v.
387 4051 434 4118 11:
458 4071 589 4135 eumque
604 4072 712 4118 versus
728 4054 769 4120 83
792 4054 888 4118 etiam
905 4051 1033 4136 vulgata
1048 4049 1168 4114 extaret

86 4152 209 4234 forma,
235 4155 300 4221 iam
322 4156 384 4220 tres
407 4156 579 4222 hexametri
601 4175 667 4222 sese
689 4156 890 4239 excipiebant.
931 4155 977 4220 nil
1001 4152 1167 4219 annotatus

84 4258 314 4343 grammaticus
337 4259 464 4341 quidam
486 4279 522 4324 en
544 4279 573 4324 v.
597 4259 644 4324 II:
