2694 4658
629 309 840 373 -72..

557 544 565 551 .
684 498 789 578 §.ra
905 447 909 457 ¹

299 637 443 706 Tertium
465 655 611 703 versuum
633 635 843 702 insilianrum
864 654 963 720 genus
984 636 1024 701 iis
1047 634 1199 714 enititur,
1222 634 1275 716 qui

192 740 295 808 additi
318 741 392 807 suut
414 759 432 805 a
453 740 675 825 grammaticis,
699 740 753 806 ubi
775 740 830 805 aut
852 758 888 806 er
910 758 1004 805 sensu
1026 742 1081 805 aut
1104 737 1274 806 erratione

197 845 403 931 grammatica
426 845 576 928 quaedam
598 843 767 910 desiderari
789 842 977 909 viderentur.

660 963 716 1048 lep.
739 964 812 1028 VII.

297 1089 326 1135 v.
351 1068 392 1135 95
414 1088 458 1151 sq.
481 1066 585 1150 Eniqe
608 1067 687 1132 laese
703 1067 811 1148 pudor
827 1087 949 1149 poenas
972 1068 993 1151 †
1013 1067 1128 1132 uiolata
1144 1066 1276 1150 eraei

525 1170 580 1235 Aa
594 1189 674 1252 quas
696 1175 756 1254 (nne
771 1170 951 1254 miseranti)
969 1171 1071 1254 plena
1081 1164 1274 1251 pudoris'eo.

198 1277 333 1343 diximus
357 1292 451 1358 supra
473 1293 505 1356 p.
528 1273 569 1338 38
592 1292 621 1339 v.
646 1275 687 1340 95
710 1272 810 1338 adhuc
831 1273 953 1339 medela
976 1293 1080 1357 egere:
1109 1272 1171 1340 viri
1194 1273 1277 1341 dooti

204 1398 283 1445 saer.
306 1377 387 1443 XIII
409 1377 491 1442 hune
512 1376 615 1442 loeum
630 1375 743 1442 lacuna
757 1375 900 1442 laborare
915 1375 1059 1443 arbitrati
1076 1377 1196 1442 duobus
1212 1396 1277 1444 ver·

202 1485 287 1551 sibus
310 1481 462 1566 suppletis
485 1480 752 1547 conformaverunt
775 1480 835 1558 ita,
870 1483 906 1546 ut
934 1480 1051 1564 legiIur
1070 1480 1103 1546 in
1126 1481 1141 1544 t
1163 1481 1196 1545 et
1217 1481 1272 1546 Re·

201 1587 252 1671 gio
266 1585 407 1650 Heinsii:

219 1688 331 1772 Eniqe,
355 1686 436 1753 laese
453 1688 569 1772 pudor,
587 1707 707 1769 poenas
727 1688 927 1770 uiolataque
950 1688 1042 1753 teeti

283 1793 383 1857 Iura
405 1811 470 1857 nec
491 1791 541 1855 ad
562 1791 714 1856 eineres
734 1790 843 1872 faena
865 1797 1019 1857 retenta
1041 1810 1154 1867 neom

226 1895 385 1978 Vosque,
408 1895 481 1959 nei
502 1915 648 1979 nunes,
673 1895 908 1977 animaeque
930 1896 1110 1977 cinisque
1137 1893 1280 1979 Sychaei,

287 2000 342 2064 Ad
363 2018 443 2082 quas
466 1999 527 2085 (nee
549 1999 726 2081 miseraui)
747 1999 847 2080 plena
867 1998 1002 2080 pudort's
1024 2017 1065 2063 eo.

658 2123 716 2204 Ep.
740 2121 828 2188 VIII.

301 2242 330 2287 v.
348 2225 388 2289 19
411 2242 456 2307 sq.
490 2224 659 2290 Hermione
682 2223 812 2290 Oresten
834 2225 986 2303 bortatur,
1008 2225 1044 2289 ut
1066 2242 1132 2289 sese
1154 2226 1281 2308 repetat

106 2310 110 2317 “
203 2330 242 2395 aa
264 2328 404 2396 namu

324 2433 375 2500 Sit
396 2453 480 2501 soaer
501 2434 638 2515 exemplo
660 2438 778 2514 nuptae
800 2434 948 2514 repetitor
970 2433 1151 2513 ademptae:

378 2538 493 2619 Nupta
513 2538 594 2620 foret
616 2537 737 2603 Paridi
758 2542 859 2601 unates
879 2541 915 2601 nt
936 2541 1009 2601 ante
1029 2534 1165 2621 Μέθῃ)

209 2659 270 2706 non
292 2640 497 2726 intellegebat
513 2641 737 2726 grammatims
753 2660 831 2706 saeo.
846 2641 905 2705 XV
920 2641 1073 2706 rationem
1089 2637 1282 2706 eomunotivi

203 2745 284 2827 foret
320 2747 424 2827 (quem
456 2745 628 2811 rectisslme
659 2745 882 2828 interpretatur
915 2745 1006 2810 Riese
1039 2744 1100 2808 vol.
1123 2744 1149 2807 I.
1181 2740 1278 2826 prael.

203 2842 232 2930 p'.
254 2846 349 2932 XIII)
372 2852 403 2913 et
426 2845 591 2928 πρότασιν
614 2867 764 2932 quaerens
787 2849 975 2926 sententiis,
998 2849 1035 2914 ut
1056 2846 1280 2926 arbitrabatur,

202 2951 419 3034 hypotheticae
440 2956 552 3032 nuptas
564 2952 643 3033 foret
669 2954 751 3019 inter
773 2973 823 3020 vv.
848 2955 888 3018 19
912 2954 944 3018 et
965 2953 1008 3017 20
1035 2952 1111 3017 baec
1133 2947 1281 3016 intrusit:

410 3055 473 3138 Oui
487 3056 548 3136 qaia
570 3056 706 3122 militiae
727 3075 825 3122 eausa
842 3056 954 3137 quella
975 3057 1058 3138 fnit:

359 3158 397 3224 Si
419 3177 500 3222 socer
521 3160 659 3241 iqnauus
680 3160 778 3224 omna
801 3160 949 3224 stertisset
970 3158 1007 3222 in
1028 3158 1118 3223 aula.

207 3258 314 3324 extant
335 3260 368 3326 hi
391 3280 498 3328 versus
521 3280 591 3327 oum
614 3263 780 3344 permultis
808 3263 979 3346 scripturae
1007 3260 1227 3343 disorepantiis
1249 3259 1280 3324 in

203 3383 237 3450 va
252 3362 266 3426 s
275 3384 299 3425 ra
310 3367 332 3446 β
345 3386 384 3449 el.

650 3486 707 3567 Ep.
730 3485 820 3550 XIII.

307 3606 336 3651 v.
361 3590 401 3654 73
425 3606 470 3671 sq.
493 3589 569 3655 haee
591 3589 668 3655 dloit
690 3589 880 3654 Laudamia:

306 3690 431 3776 Puqnet
452 3696 480 3756 et
502 3692 646 3757 aduersos
668 3692 776 3756 tendat
800 3691 968 3773 Menelaus
989 3692 1026 3754 in
1048 3680 1167 3755 hostes:

356 3796 511 3861 Hostibus
531 3817 547 3860 e
568 3796 679 3862 neritis
700 3799 804 3876 nupta
821 3795 959 3875 petenda
979 3796 1047 3859 uiro
1069 3799 1122 3858 est.

204 3899 242 3964 ut
263 3898 376 3965 elarius
399 3900 549 3976 eluceret,
582 3898 844 3983 quemadmodum
872 3917 902 3963 v.
919 3899 961 3963 74
983 3897 1176 3962 de'lIenelao
1199 3895 1281 3960 esset

204 4002 443 4086 intelligendus,
478 4003 548 4086 post
576 4003 658 4066 buno
679 4021 708 4067 v.
732 4002 779 4066 vir
802 4001 910 4067 doetus
933 4020 957 4066 s.
980 4001 1062 4065 XIII
1083 4000 1161 4066 haee
1182 3999 1278 4066 inter·

65 4178 68 4185 ,
204 4105 338 4190 pulavit:

209 4268 407 4282 b———u-——-

306 4357 338 4428 ⁵⁷)
351 4359 396 4415 Sin
406 4360 473 4428 puto
486 4358 558 4413 huno
569 4358 657 4413 looum
671 4355 889 4412 conformandum
902 4371 957 4408 esse
968 4370 999 4409 er
1013 4351 1174 4408 auomritate
1185 4351 1243 4408 eod.
1253 4351 1287 4410 P.
