2694 4658
591 290 827 355 ..103-

163 480 415 565 pateterrimam
442 483 681 544 commorantem
709 479 745 542 in
773 479 914 560 qaudam
941 477 1026 541 tnrri
1053 477 1146 540 inata
1161 477 1250 546 ,titas

167 605 237 648 mm
261 584 392 664 natrice,
422 603 502 664 qnae
523 583 680 648 nutrierat
701 602 785 662 eam,
820 583 943 663 etipsa
966 581 1074 646 uidens
1095 599 1165 646 enm
1186 580 1249 646 sibi

167 693 340 766 vacantem,
368 687 556 752 atterntrnm
578 706 609 752 se
637 691 824 752 amaverant
851 691 879 750 et
901 685 1128 751 ordinaverant
1149 683 1252 767 ipitnr

165 792 355 870 coitaqaiam
376 810 437 872 per
464 792 618 856 natricem
645 790 865 857 emmunim
886 810 966 855 eam.
993 789 1078 855 nnete
1101 786 1248 854 Leander

165 900 317 961 nocturno
331 900 465 977 tempore
479 894 661 976 relinquens
683 898 776 959 cenes
796 900 833 958 in
848 913 949 959 arena
963 891 1106 958 natando
1120 892 1247 957 accessit

164 999 209 1062 ad
230 1000 326 1062 istam
347 999 462 1080 etipsa
477 998 740 1079 accipiebatenm
761 999 937 1078 emperiam
951 997 1019 1062 sais
1036 995 1178 1060 restitas.
1201 999 1245 1060 set

163 1102 305 1184 paadam
318 1104 381 1168 vice
402 1108 488 1167 mari
502 1105 626 1167 turbato
641 1103 722 1166 stetit
738 1122 801 1183 per
822 1101 889 1166 VH
904 1100 970 1166 dies
984 1098 1139 1177 Leander,
1164 1099 1246 1179 qnod

163 1224 228 1269 non
249 1206 307 1269 icit
329 1206 463 1284 adeam
484 1224 531 1284 eo,
565 1205 647 1286 qma
675 1224 739 1270 non
767 1205 904 1270 audebat
933 1205 980 1267 ire
1002 1222 1072 1268 enm
1094 1203 1182 1278 naci,
1205 1221 1244 1266 ne

164 1307 328 1388 rideretur,
344 1328 398 1374 nec
408 1313 532 1390 poterat
547 1313 671 1387 natare,
694 1311 776 1373 ment
791 1311 997 1374 consueuerat.
1021 1306 1105 1370 anae
1119 1305 1242 1382 timens,

161 1431 201 1476 ne
223 1398 285 1476 itta
307 1412 474 1477 discederet
495 1412 534 1477 ab
557 1431 661 1478 amore
690 1414 757 1478 eins
778 1432 828 1489 eo,
856 1412 937 1494 qnod
964 1411 1069 1492 ipsam
1089 1411 1243 1492 ferventer

160 1515 300 1600 amabat,
312 1536 372 1597 per
386 1517 544 1598 qnondam
559 1521 694 1581 nantum
704 1517 788 1582 tanc
799 1516 963 1598 epistotam
978 1516 1007 1581 ei
1023 1515 1121 1579 mittit
1136 1533 1241 1579 ercn-

159 1619 285 1684 sando
306 1639 358 1698 se,
380 1620 478 1702 qnod
499 1621 605 1684 mari
626 1625 805 1686 obstante
831 1620 882 1685 aa
903 1640 986 1686 eam
1000 1639 1105 1684 more
1126 1617 1242 1682 solito

159 1722 219 1785 ire
240 1743 316 1788 non
336 1729 464 1804 potest
486 1729 514 1791 et
537 1724 640 1790 reddit
657 1744 688 1790 se
702 1725 791 1806 apni
805 1744 876 1789 eam
890 1729 1054 1789 strennnm
1069 1726 1241 1787 amatorem

157 1844 276 1908 ropans
303 1848 372 1891 eam
399 1848 459 1909 per
491 1829 736 1894 recordationem
763 1828 932 1909 praeteriti
959 1827 1078 1892 amoris
1108 1831 1137 1890 et
1159 1825 1240 1907 qnod

156 1930 232 2008 ipsa
254 1930 295 1993 sit
309 1935 393 1996 certa
415 1951 485 1996 enm
501 1931 708 1998 beniuolentia
723 1932 875 1996 amaena.
905 1931 1079 1996 intentio
1103 1928 1219 1994 Ouidi
1226 1929 1239 1993 i

155 2036 214 2096 est
235 2034 521 2114 reprehendere
543 2036 686 2120 ipsam,
702 2037 805 2117 aaut
825 2036 959 2100 tantis
976 2034 1178 2117 parientis
1201 2052 1238 2096 se

155 2137 385 2217 exponebat.
795 2202 798 2209 ,

259 2241 355 2307 Vides
378 2243 477 2327 igitur
506 2264 561 2311 nos
590 2265 660 2311 cum
684 2264 777 2331 supra
799 2245 972 2311 diceremus
1002 2242 1120 2308 fontem
1143 2258 1237 2323 argu·

155 2346 336 2411 mentorum
357 2346 486 2413 illorum
509 2349 604 2415 fuisse
628 2350 887 2415 commentarium
911 2345 1083 2430 quendam,
1117 2361 1234 2425 nequa-

138 2465 249 2528 ·quam
264 2447 373 2516 futilia
387 2452 562 2534 protulisse.
586 2456 691 2537 aperte
707 2456 790 2519 enirn
806 2457 944 2518 extrema
959 2447 1131 2534 particulae
1147 2447 1235 2511 exhi·

151 2550 238 2616 bitae
252 2552 345 2618 terba
360 2561 536 2640 congruunt
558 2576 629 2623 cum
644 2557 839 2641 argumentis
854 2553 1013 2639 ep.‹XVII
1030 2566 1125 2636 supra
1140 2567 1233 2633 expo·

152 2655 233 2732 sitis,
257 2660 292 2720 ut
314 2657 378 2722 iam
401 2663 487 2725 extra
509 2679 632 2727 omnem
649 2660 872 2728 dubitationem
897 2659 1035 2742 positum
1058 2673 1123 2720 esse
1146 2653 1232 2718 vide-

152 2756 225 2822 atur
246 2758 324 2824 haec
345 2761 416 2844 ipsa
444 2762 622 2848 fragmenta
650 2784 716 2832 esse
738 2750 954 2833 commentarii
977 2761 1080 2836 illius,
1111 2777 1147 2823 ex
1170 2776 1230 2839 quo

151 2861 327 2943 complures
349 2868 574 2947 grammaticos
603 2869 740 2936 vidimus
769 2868 909 2935 hausisse
942 2881 1122 2949 perversum
1149 2859 1230 2926 illud

151 2961 189 3026 de
204 2963 376 3032 Heroidum
398 2970 571 3042 intentione
586 2973 747 3040 iudicium.
771 2975 895 3039 cuinam
911 2968 1031 3037 saeculo
1047 2966 1230 3032 tribuendus

153 3066 196 3130 sit
218 3067 273 3134 ille
301 3074 552 3154 commentamur,
576 3078 645 3143 tum
668 3078 795 3143 demum
811 3077 938 3143 definire
953 3071 1134 3156 poterimus,
1158 3085 1230 3134 cum

150 3168 328 3254 fragmenta
356 3173 414 3240 illa
443 3179 549 3246 omnia
578 3182 755 3246 accuratius
785 3177 1037 3246 tractaverimus
1073 3176 1107 3240 iu
1140 3189 1229 3256 prae·

150 3274 252 3338 sentia
275 3294 346 3342 vero
369 3280 401 3346 id
417 3283 588 3349 tenendum
604 3286 652 3350 est
675 3285 898 3369 antiquissima
920 3283 986 3348 eius
1006 3279 1140 3361 vestigia
1163 3293 1229 3343 esse

147 3383 333 3462 argumenta
354 3386 502 3464 metrica,
527 3388 593 3452 cod.
617 3394 636 3454 t
660 3390 746 3454 enirn
767 3408 846 3456 saec.
870 3388 947 3455 XIV
970 3391 1027 3466 est,
1051 3403 1122 3450 cum
1145 3400 1178 3466 v,
1194 3398 1227 3466 u,

148 3482 179 3543 et
194 3481 363 3550 Hubertini
379 3488 476 3555 editio
492 3492 596 3573 prima
612 3495 644 3557 et
658 3494 725 3575 ipse
741 3493 795 3558 ille
817 3496 910 3559 codex
927 3492 1009 3558 3121
1027 3506 1088 3554 uno
1099 3482 1226 3558 ,saeculo

146 3582 213 3647 siut
235 3589 431 3658 recentiores.

633 3791 662 3868 ἓ.
686 3789 737 3853 26.

248 3916 400 4009 Quoniam
423 3925 457 3988 in
486 3944 521 3991 eo
548 3928 688 3992 versetur
716 3926 904 4010 disputatio,
939 3927 975 3990 ut
1003 3935 1223 4006 cognoscamus

143 4032 270 4098 0poram
293 4043 311 4089 a
333 4026 410 4094 viris
434 4029 534 4095 doctis
556 4033 589 4095 et
617 4031 737 4096 mediae
760 4033 792 4095 et
814 4030 993 4096 recentioris
1022 4026 1134 4092 aetatis
1156 4025 1222 4090 He·

142 4121 267 4190 roidum
290 4127 393 4196 textui
416 4134 606 4200 emendando
630 4139 661 4199 et
677 4134 847 4223 enarrando
862 4138 1003 4210 navatae,
1027 4131 1140 4196 ultimo
1154 4128 1221 4194 loco

141 4223 232 4291 uobis
267 4231 362 4300 liceat
383 4237 574 4303 mentionem
602 4237 703 4304 tuaene
725 4239 897 4304 Heroidum
924 4240 956 4302 in
982 4235 1078 4302 libros
1109 4233 1219 4299 distri·

140 4329 298 4401 butamm.
330 4357 390 4419 qua
412 4341 446 4405 in
468 4362 500 4407 re
526 4346 552 4408 si
582 4344 619 4409 de
642 4344 920 4431 grammaticorum
940 4359 1033 4429 onera
1052 4338 1227 4421 loquimur,
