2694 4658
636 294 846 359 ..80-

202 482 384 564 improbari.
414 482 448 547 in
470 500 563 565 quam
585 501 652 546 rem
673 482 854 566 priusquam
879 480 1054 546 accuratius
1076 480 1282 564 inquiramus

203 585 384 663 videndum,
408 586 483 669 quid
506 585 683 669 ceteroquin
706 587 743 650 de
766 586 925 652 codicisG
947 585 1160 669 singularibus
1183 583 1280 666 serip-

203 690 282 755 turis
305 688 507 755 iudicandum
530 691 590 754 sit:
613 689 663 755 hic
685 689 765 755 liber
789 690 872 754 eninr
894 690 991 756 etiarn
1012 691 1046 755 in
1067 689 1107 755 iis
1128 688 1281 772 partibus

203 793 257 858 ubi
279 796 364 858 extat
385 793 425 870 P,
459 811 606 874 persaepe
634 792 847 875 singularibus
876 793 1009 878 insignis
1040 796 1086 858 est
1107 791 1280 875 scripturis,

204 915 281 978 quae
304 915 357 979 per
379 914 412 961 se
434 895 517 979 ipsas
535 915 597 961 non
613 896 739 979 possent
754 896 933 980 improbari,
957 896 1018 961 nisi
1034 894 1149 962 codicis
1168 895 1281 960 Poum

203 999 333 1082 reliquis
355 1000 500 1065 omnibus
524 1018 690 1065 consensus
707 1000 938 1066 contradiceret.
961 1000 1042 1065 unde
1058 999 1200 1082 sequitur
1215 998 1280 1064 cod.

203 1105 232 1172 G
255 1105 304 1170 sat
326 1103 492 1169 audacibus
515 1094 668 1168 infectum
690 1122 755 1168 esse
780 1105 974 1170 coniecturis.
998 1122 1075 1187 quae
1099 1121 1147 1168 res
1170 1102 1205 1166 in
1228 1103 1285 1168 hoo

139 1204 141 1210 ’
202 1207 283 1272 libro
316 1206 508 1272 aestimando
541 1206 640 1272 adhue
673 1225 691 1270 a
718 1207 794 1299 viris
824 1208 924 1273 doctis
946 1207 1037 1290 plane
1059 1205 1202 1290 neglecta
1224 1209 1282 1283 est,

205 1327 280 1393 quos
302 1311 354 1376 rel
375 1328 457 1375 unns
481 1308 565 1374 locus
588 1310 699 1375 ceteris
721 1309 876 1392 insignior
898 1312 935 1375 de
958 1310 1016 1375 bae
1039 1326 1072 1373 re
1086 1311 1213 1375 edocere
1227 1329 1285 1392 po·

203 1416 295 1481 terat.
333 1414 498 1480 offendunt
520 1413 640 1498 aliquot
662 1413 764 1479 critici
786 1414 919 1480 disticho
941 1413 1014 1490 illo,
1043 1433 1061 1479 a
1084 1431 1142 1497 quo
1167 1411 1283 1495 incipit

146 1579 148 1586 Α
205 1538 251 1601 ep.
277 1518 321 1582 X:

327 1622 442 1688 Mittas
464 1622 572 1686 iaceat
594 1641 690 1702 qaam
712 1626 740 1686 te
760 1641 859 1705 pereas
881 1641 968 1685 omae
989 1621 1152 1703 feroram:

384 1725 512 1791 Credita
534 1743 598 1788 aaa
619 1725 681 1790 alli
702 1745 798 1805 qaaere
820 1724 880 1790 tobi
895 1725 989 1806 petas
1010 1743 1107 1788 erana.

202 1829 309 1913 inepte
333 1829 415 1893 eninr
439 1828 607 1911 epistulam
628 1828 737 1893 dieunt
760 1827 896 1909 incipere
918 1829 957 1893 ab
979 1826 1029 1892 his
1058 1827 1177 1905 verbis,
1212 1817 1286 1890 oum

203 1934 295 1997 tertio
319 1935 444 1998 demum
466 1950 555 1996 versu
578 1931 724 2014 sequatur
747 1930 920 1997 exordiendi
943 1931 1090 1995 formula:

340 2036 426 2117 Quae
448 2034 534 2117 apo,
557 2054 595 2099 ea
616 2035 682 2112 illo,
707 2033 834 2112 Tbeeea,
858 2034 916 2098 tibi
939 2033 1028 2098 litore
1049 2035 1146 2112 mitto,

399 2136 485 2203 Unde
507 2142 595 2202 taam
618 2138 685 2202 siae
707 2157 754 2215 rae
775 2137 844 2201 aeta
866 2137 962 2202 tatere
983 2129 1092 2200 ratem.

203 2352 352 2406 mirandum
379 2354 470 2407 autem
498 2352 622 2407 criticum
650 2354 801 2422 ceteroquin
827 2357 870 2406 sat
896 2351 1092 2406 consideratum
1119 2351 1197 2417 obelo
1225 2353 1283 2405 tarn

202 2441 304 2494 tenum
323 2455 402 2493 nsum
420 2455 483 2498 esse.
504 2442 574 2493 certe
592 2455 644 2492 non
662 2438 738 2492 uncis
756 2438 910 2492 inclusisset
927 2437 1001 2493 XIX.
1020 2442 1134 2491 43-44:

383 2525 426 2580 Sit
445 2525 558 2579 clabiam
575 2525 698 2592 possesne
716 2526 810 2594 capt:
827 2525 1013 2593 captabere
1030 2529 1109 2605 certe.

442 2612 549 2666 Exitus
565 2613 597 2666 ta
614 2599 664 2666 dic¹
675 2617 730 2666 eet:
747 2611 796 2666 sed
814 2611 954 2679 capiere
971 2616 1064 2665 tamea

204 2697 228 2751 si
245 2698 402 2767 respexisset
419 2701 478 2754 Am.
497 2699 520 2751 Ι.
540 2704 564 2751 4.
586 2703 618 2751 13
637 2714 690 2767 sq.:

321 2785 412 2840 Aate
429 2786 523 2851 ocal,
544 2801 625 2854 qaam
642 2787 694 2840 alr.
713 2800 763 2838 aee
781 2785 856 2852 qaia,
874 2785 1050 2839 eioeaerie
1068 2788 1161 2849 aate,

383 2873 474 2927 Possit
492 2873 546 2942 api,
564 2872 652 2926 uideo:
669 2871 717 2926 ced
734 2877 826 2926 tamea
843 2877 922 2925 aate
939 2871 1018 2925 caat
1144 2866 1146 2871 ’

203 2961 245 3012 vel
263 2958 318 3012 alia
334 2957 415 3012 huius
433 2959 537 3028 generis
555 2960 689 3028 pleraque.
708 2958 774 3012 item
793 2957 899 3011 cautius
916 2956 1052 3013 tractandi
1070 2957 1208 3013 ereutvv.
1219 2955 1281 3015 XX.

204 3049 253 3098 135
271 3061 324 3113 sq.:

394 3131 470 3201 Quae
487 3133 571 3195 tarot,
588 3148 661 3186 meae
679 3137 732 3185 est:
751 3131 794 3186 aet
811 3131 1017 3187 eoae'aracamae
1034 3130 1092 3184 illa.

442 3216 499 3271 Illa
515 3217 596 3283 tidem
614 3218 695 3271 dietis
713 3217 815 3271 adolere
831 3217 890 3271 sola
903 3222 1000 3284 potest.

203 3301 372 3357 doctissimus
390 3303 461 3357 enirn
479 3303 655 3371 interpolator
674 3303 757 3357 luisse
775 3303 911 3371 putandus
929 3305 983 3370 est,
1009 3302 1108 3372 quippe
1126 3301 1174 3370 qui
1192 3303 1285 3372 cogni-

201 3391 261 3444 tum
278 3388 405 3444 habuerit
422 3389 513 3459 Enrip.
534 3391 643 3460 Hippol.
663 3407 686 3443 v.
707 3394 771 3443 612:

412 3477 446 3530 ‘H
462 3478 562 3548 yloiaa’
581 3474 717 3549 ὀμώμοχ’,
737 3477 753 3546 ἡ
772 3478 803 3531 δὲ
822 3476 897 3551 φρὴν
914 3474 1066 3548 ἀνώμοτος.

305 3561 400 3616 Restat
417 3568 449 3618 ut
467 3562 595 3618 addemus
613 3563 772 3633 nobisipsis
791 3565 844 3619 iam
863 3565 910 3618 din
928 3564 1031 3633 spurios
1049 3563 1119 3616 visos
1136 3578 1181 3620 vv.
1194 3561 1283 3617 XVII.

203 3652 252 3702 121
272 3663 325 3716 sq.:

363 3735 425 3789 Hoc
442 3750 547 3804 qaoque
564 3737 589 3790 oi
606 3737 711 3791 erectio.-
729 3737 766 3791 aet
783 3743 809 3791 te
826 3738 874 3792 aia
886 3753 981 3804 protea
997 3735 1114 3801 videtur,

415 3821 443 3875 A
460 3827 486 3875 te
504 3838 565 3876 eam
583 3822 671 3891 redeo,
690 3823 777 3878 clives
793 3824 889 3878 inertis
907 3838 1003 3892 aquae.

201 3908 251 3962 hoc
269 3907 386 3961 disticho
406 3905 477 3961 enirn
495 3908 590 3962 nilnisi
607 3910 740 3978 repetitur
758 3909 906 3973 sententia,
927 3925 996 3979 qnae
1014 3909 1085 3963 inest
1103 3908 1132 3961 in
1151 3908 1284 3976 versibus,

201 3994 248 4063 qui
266 3996 440 4064 praecedunt:
996 3988 999 3994 ’
1131 4018 1135 4023 ·

364 4080 452 4150 Siqua
468 4080 536 4147 {teies
554 4097 616 4136 aero
634 4087 688 4136 est:
705 4084 818 4138 oeae'eae
835 4084 888 4138 bae
907 4098 962 4138 esse
978 4087 1100 4150 natator,

416 4167 484 4222 Cam
501 4165 589 4234 redeo,
606 4168 701 4223 videor
716 4171 874 4239 aaafrapas
892 4185 948 4224 esee
965 4170 1039 4225 miae.

201 4252 281 4321 (conf.
300 4269 380 4323 supra
399 4253 424 4325 ᾗ.
445 4257 496 4314 14).
515 4253 629 4320 aceedit,
648 4255 718 4324 qnod
736 4254 825 4311 ereda
843 4255 971 4324 producta
987 4254 1091 4325 syllaba
1108 4256 1134 4309 e‘s
1150 4259 1216 4310 ante
1237 4272 1283 4310 vo-

205 4339 289 4394 calem
307 4340 379 4410 apud
397 4340 523 4396 Ovidium
542 4357 673 4411 nusquam
690 4343 829 4397 invenitur
847 4342 926 4411 (conf.
938 4341 1112 4412 Eschenburg
1130 4340 1283 4412 l.c.p.18)
