2694 4658
561 250 793 364 kro-

602 486 658 567 Iip.
681 484 772 549 XIII.
798 471 800 477 ¹

251 612 279 657 v.
304 591 344 656 73
367 589 414 654 ita
436 590 562 672 scripsit
585 588 731 654 Ovidius:

249 693 377 777 Pnpnet
397 697 426 757 et
447 693 590 757 aduersos
612 693 720 757 tendat
742 691 911 756 Menelaus
932 691 970 754 e‘n
992 689 1099 753 nostes.

148 798 188 863 ad
210 800 297 864 euius
319 799 475 880 exemplar
496 797 682 879 glossatores
705 794 922 861 eonfinxerunt
944 811 1050 859 versus
1073 793 1149 858 hos:

248 901 357 966 Hostis
378 905 406 965 ed
428 899 560 967 invadat
581 898 736 982 diodornos
758 897 974 977 Helenamque
994 897 1124 961 redueat

146 989 196 1052 vel

300 1073 418 1138 Ietr'bns
439 1070 579 1135 aduersis
595 1074 704 1150 poseat
726 1089 785 1134 sna
807 1088 940 1133 manera
961 1066 1062 1147 forde's.

146 1177 276 1259 uterque
299 1195 405 1242 versus
427 1176 548 1259 praetor
571 1173 741 1256 genuinum
765 1191 792 1236 v.
810 1172 851 1236 73
874 1172 957 1236 extat
979 1171 1012 1234 in
1028 1170 1130 1236 eodiee
1144 1169 1230 1235 Oxo-

147 1280 263 1358 niensi;
287 1279 368 1345 alter
390 1280 423 1342 in
439 1277 542 1343 eodiee
556 1275 680 1354 Moreti‚
702 1276 757 1341 ubi
772 1274 929 1353 librarius,
953 1295 992 1340 ne
1007 1276 1129 1340 deesset
1145 1294 1229 1358 pen·-

148 1384 290 1463 tameter‚
313 1384 383 1466 post
405 1401 476 1447 eum
499 1380 645 1465 repetivit
667 1398 696 1444 v.
720 1379 771 1443 74.

610 1502 667 1587 up.
691 1501 760 1567 XV.

248 1627 276 1671 v.
302 1607 365 1673 184
388 1608 462 1671 haee
484 1609 600 1688 profert
623 1606 728 1671 Paris:

352 1709 409 1773 Le's
430 1714 474 1774 esd
495 1729 566 1774 enen
586 1709 691 1791 forna
712 1728 832 1791 napna
848 1706 1035 1790 pandendae.

94 1814 95 1818 ’
151 1813 213 1879 alia
246 1812 338 1877 huius
373 1832 477 1878 versus
511 1812 646 1877 resonate
676 1829 694 1875 a
723 1829 819 1876 manu
841 1811 862 1874 4
884 1829 963 1876 seeo.
988 1810 1046 1875 XV
1068 1812 1226 1896 adscripta

147 1921 194 1984 est
215 1916 249 1981 in
273 1915 317 1982 G:

351 2003 421 2065 Pan
444 2006 486 2065 est
508 2021 578 2065 enon
599 2000 697 2081 speeie
719 1999 813 2064 nnlla
832 2000 1015 2080 paddede'ae.
1047 2016 1049 2021 ’

248 2140 481 2222 Nonnunquam
504 2159 609 2205 versus
631 2139 681 2204 illi
696 2139 734 2204 ad
749 2141 952 2222 genuinorum
969 2140 1123 2222 exemplar
1139 2159 1228 2207 oom-

146 2245 242 2327 positi
264 2245 413 2328 genuinos
437 2245 519 2326 ipsos
542 2245 754 2319 extruserunt,
790 2243 870 2326 quod
893 2243 1094 2309 observamus
1117 2243 1151 2307 in
1169 2231 1222 2326 ep.

147 2347 210 2413 VII
231 2366 261 2411 v.
287 2348 359 2425 145,
384 2349 436 2431 qui
452 2354 478 2413 'a
499 2347 625 2414 Nasone
647 2350 693 2413 ita
716 2351 764 2412 est
786 2349 993 2430 compositus:
1111 2429 1117 2438 Ι

298 2449 396 2532 thne
419 2451 492 2516 latet
514 2451 650 2532 artatque
671 2456 744 2516 duas
766 2455 914 2517 abstrusa
935 2451 1082 2516 carinas·
1224 2441 1226 2445 ⁷

145 2556 355 2638 glossatorum
378 2572 469 2637 opera
490 2555 582 2620 huius
606 2573 728 2630 versus,
762 2555 790 2618 si
812 2555 940 2619 leviores
963 2555 1138 2620 omittimus
1162 2557 1229 2620 dis-

146 2658 339 2740 crepantias„
352 2659 415 2723 tres
439 2659 610 2724 extiterunt
631 2660 838 2723 recensiones:

129 2754 133 2770 ⁵
231 2761 275 2844 (Ι)
306 2761 403 2842 thue
424 2762 506 2825 enred
528 2766 694 2843 oentnsqne
715 2765 788 2826 dnae
809 2780 970 2842 rennspne
992 2761 1122 2826 carinae

216 2866 276 2948 (ΙΙ)
306 2864 346 2929 Ui
367 2885 489 2930 moneas
511 2885 651 2948 renoqne
672 2870 746 2930 inas
759 2866 889 2957 'nedoqne
911 2867 1041 2930 carinas

198 2969 275 3051 (ΙΙΙ)
305 2966 402 3049 Uiqne
424 2970 510 3032 oden
531 2974 636 3034 teneas
658 2968 805 3050 nnldoqne
826 2988 930 3033 errore
952 2970 1089 3033 tranare.

145 3074 216 3137 Iet
238 3074 271 3137 ΙΙ
299 3091 377 3137 seeo.
400 3072 481 3137 XIII
514 3074 684 3139 extiterunt
716 3073 870 3155 variisque
904 3073 1002 3139 modis
1036 3076 1152 3139 mutati
1188 3073 1220 3137 in

148 3175 291 3259 plurimis
325 3175 416 3242 libris
446 3178 614 3260 genuinum
638 3196 666 3240 v.
693 3177 755 3243 145
783 3179 994 3257 extruserunt3
1028 3179 1078 3243 ΙΙΙ
1114 3181 1246 3242 autem‘

25 3302 27 3307 ’
145 3297 225 3345 saee.
249 3278 307 3342 XV
331 3283 378 3344 est
401 3283 432 3344 et
455 3280 489 3343 in
513 3299 544 3365 o„
565 3299 628 3345 una
650 3298 721 3345 eum
744 3281 760 3345 Ι
782 3280 898 3364 legitur
920 3284 992 3363 post
1015 3302 1041 3347 v.
1061 3281 1132 3346 145.

248 3382 363 3448 Eadem
386 3386 433 3447 est
455 3382 595 3448 eondieio
619 3402 645 3445 v.
670 3383 724 3446 IX.
748 3384 800 3458 55,
824 3403 917 3466 quem
939 3383 1002 3448 iarn
1025 3405 1119 3467 snpra
1142 3387 1227 3454 vidi.

146 3504 215 3551 mus
237 3486 308 3552 inde
331 3505 350 3550 a
372 3505 451 3551 seeo.
468 3485 514 3550 XI
537 3486 775 3568 interpolatione
797 3489 936 3552 laborare
960 3487 1053 3570 (conf.
1076 3489 1217 3554 tabulam

145 3592 175 3672 ξ.
189 3589 233 3671 3).
259 3589 411 3674 genuinus
435 3609 541 3656 versus
564 3591 615 3655 hie
637 3594 698 3655 est:

289 3692 495 3775 Maeandros,
518 3693 612 3757 terris
633 3697 742 3758 totiens
764 3698 886 3758 errator
907 3693 943 3757 e'n
965 3695 1073 3759 isdern.

146 3796 356 3882 glossatorum
381 3796 492 3861 studiis
516 3796 606 3861 hasce
628 3797 773 3861 debemus
797 3797 999 3863 variationes:

230 3898 272 3982 (Ι)
296 3898 501 3975 Maeandron,
524 3900 579 3979 qni
601 3917 632 3964 se
653 3898 764 3963 totiens
785 3900 943 3963 concludit
965 3901 1003 3963 e'n
1025 3900 1128 3964 orben

216 4002 275 4087 (ΙΙ)
300 4002 509 4079 Maeandros,
532 4002 627 4065 derre‘e
648 4002 760 4067 totiens
782 4004 838 4082 qni
860 4002 992 4067 notentur
1013 4003 1113 4068 deden

201 4105 275 4187 (III)
300 4104 498 4170 Maeandros
518 4105 610 4185 dnoie‘
632 4105 742 4169 totiens
763 4105 922 4171 redenntr‘e
943 4105 1054 4169 eodern.

143 4226 273 4289 quarum
295 4209 407 4287 Iino,
431 4210 466 4273 II
482 4209 514 4273 in
530 4211 596 4274 eod.
615 4209 774 4287 Vaticano,
798 4209 848 4273 ΙΙΙ
866 4209 899 4273 in
916 4209 1108 4275 Seriveriano
1124 4204 1240 4293 priori

140 4331 198 4396 pro
218 4314 355 4398 genuino
377 4332 468 4379 versu
490 4312 656 4378 invenitur.
678 4313 717 4379 ad
733 4312 783 4378 III
797 4313 875 4378 eons.
892 4313 1021 4378 Metam.
1037 4313 1092 4378 IX.
1109 4314 1185 4380 451.
